2034 3126
23 2684 73 2736 η

63 2747 67 2768 P

28 3047 85 3126 γΑἱ

708 49 1020 95 SILVARUM
1050 50 1100 95 L.
1125 49 1203 107 IV,
1230 54 1256 93 6
1722 50 1825 103 121

123 206 220 240 nec
253 187 478 240 stolidus
517 186 744 239 Brontes
783 206 880 240 nec
919 191 1012 256 qui
1050 189 1190 256 polit
1227 205 1373 239 arma
1412 187 1650 256 deorum,

124 261 375 314 Lemnius
416 265 609 330 exigua
644 263 910 330 potuisset
946 262 1126 314 ludere
1164 279 1352 314 massa.

121 355 218 389 nec
257 340 409 389 torva
447 335 651 404 effigies
691 337 969 405 epulisque
1008 338 1180 388 aliena
1218 339 1450 388 remissis
1459 377 1473 403 ,
1771 348 1830 389 50

123 410 213 463 sed
252 412 462 479 qualem
499 413 647 479 parci
686 410 873 463 domus
915 411 1173 463 admirata
1209 409 1473 463 Molorchi

121 488 215 537 aut
252 485 415 537 Aleae
460 486 594 536 lucis
633 484 769 536 vidit
806 484 1042 554 Tegeaea
1081 485 1346 553 sacerdos;

122 560 295 628 qualis
336 563 388 612 εὴ
427 557 636 611 Oetaeis
677 562 899 611 emissus
939 563 998 612 in
1036 563 1180 612 astra
1217 560 1416 611 favillis

118 637 301 686 nectar
339 634 510 686 adhuc
547 636 701 686 torva
738 635 908 686 laetus
947 633 1152 686 Iunone
1190 634 1427 687 bibebat:

121 712 196 761 sic
234 711 381 760 mitis
420 709 624 776 vultus,
663 709 830 760 veluti
870 708 932 760 de
970 712 1182 778 pectore
1220 709 1456 778 gaudens
1464 749 1479 776 ,
1770 722 1828 761 55

119 782 367 836 hortatur
402 801 627 835 mensas.
689 786 835 835 tenet
871 783 1001 835 haec
1038 786 1328 835 marcentia
1364 784 1544 836 fratris

118 858 332 926 pocula,
373 860 428 909 at
464 857 594 910 haec
633 858 809 910 clavae
847 861 1092 910 meminit
1128 877 1341 926 manus3
1380 876 1566 927 aspera
1604 858 1750 919 sedes

121 935 349 984 sustinet
387 935 439 984 et
477 933 682 984 cultum
719 931 982 985 Nemeaeo
1022 935 1256 1001 tegmine
1296 951 1496 985 saxum.

232 1006 397 1075 digna
435 1010 583 1075 operi
621 1007 839 1060 fortuna
878 1025 1040 1059 sacro,
1102 1006 1344 1059 Pellaeus
1385 1007 1614 1059 habebat

118 1084 370 1149 regnator
408 1081 560 1134 laetis
598 1100 799 1134 numen
836 1081 1135 1134 venerabile
1172 1085 1368 1134 mensis
1768 1094 1828 1134 60

118 1158 172 1206 et
210 1158 458 1208 comitem
497 1173 712 1208 occasus
755 1174 932 1208 secum
970 1156 1220 1225 portabat
1259 1159 1311 1208 et
1345 1160 1515 1223 ortus,

116 1230 525 1299 praestabatque
562 1230 734 1283 libens
772 1231 931 1284 modo
973 1249 1078 1299 qua
1116 1230 1411 1283 diademata
1450 1231 1633 1283 dextra

117 1304 413 1357 abstulerat
452 1304 767 1374 dederatque
807 1308 859 1357 et
889 1324 1111 1375 magnas
1150 1308 1379 1358 verterat
1416 1306 1588 1359 urbes.

118 1397 324 1448 semper
361 1379 427 1431 ab
466 1380 569 1433 hoc
607 1383 812 1432 animos
852 1383 911 1432 in
950 1383 1182 1432 crastina
1217 1380 1360 1432 bella
1397 1380 1633 1449 petebat,

116 1453 242 1506 huic
281 1457 417 1506 acies
459 1473 664 1524 semper
701 1458 873 1507 victor
910 1455 1162 1507 narrabat
1201 1458 1427 1524 opimas,
1768 1468 1825 1507 65

117 1531 227 1580 sive
267 1531 537 1581 catenatos
577 1529 795 1582 Bromio
837 1529 1134 1582 detraxerat
1170 1529 1331 1582 Indos

115 1621 206 1655 seu
248 1604 449 1655 clusam
487 1621 685 1673 mag-na
722 1603 1004 1673 Babylona
1042 1605 1329 1674 refregerat
1366 1605 1521 1656 hasta

114 1695 207 1730 seu
246 1677 461 1747 Pelopis
501 1681 668 1731 terras
708 1679 1113 1748 libertatemque
1151 1678 1432 1748 Pelasgam

232 1935 284 1971 50
313 1929 466 1972 torva:
499 1927 670 1973 tetrica
696 1929 753 1974 ei.
770 1928 973 1988 Saenyer
989 1935 1177 1986 propter
1198 1931 1333 1974 torva
1356 1943 1396 1974 v.
1417 1933 1477 1975 54
1567 1937 1614 1973 51
1637 1929 1765 1986 parti

15 1976 17 1978 ¹
113 1986 352 2032 admisata
441 1995 492 2032 62
515 1987 662 2032 Aleae
687 1989 966 2034 Hermolaus
990 1990 1256 2035 Barbarus:
1287 1988 1442 2034 taleae
1534 1988 1750 2046 Tegeaea
1774 2004 1824 2039 ςε

112 2048 254 2105 teges.
365 2055 415 2091 55
446 2046 604 2093 vultus
635 2048 710 2106 (ef.
740 2048 1017 2108 Grasberyer
1046 2052 1171 2094 1877
1194 2064 1244 2107 p.
1272 2051 1401 2107 775):
1432 2048 1568 2093 vultu
1599 2050 1828 2096 Handiue

115 2109 239 2152 1850
261 2121 312 2164 p.
335 2110 418 2152 24:
451 2106 634 2153 vultum
665 2107 903 2154 Baehrens
993 2117 1041 2152 57
1076 2107 1235 2153 clavae
1265 2109 1600 2154 Mar-lelandus:
1632 2108 1765 2154 levae

114 2165 249 2211 sedes
276 2167 614 2213 Marklandus:
646 2166 772 2213 sedis
804 2170 950 2226 (quem
982 2170 1317 2215 nominativum
1342 2169 1490 2214 Statio
1513 2170 1609 2227 ip⁸i
1630 2169 1826 2215 tribuere

111 2228 282 2283 vereor)
373 2235 424 2270 58
447 2229 496 2271 et
519 2226 700 2271 cultum
723 2229 1100 2286 (sm'l.omatum):
1126 2230 1175 2273 et
1197 2227 1370 2273 fultum
1391 2229 1493 2274 Otto
1517 2231 1641 2274 1887
1651 2232 1823 2286 p.540=

114 2284 327 2332 effultum
363 2287 542 2332 Polster
574 2290 697 2333 1879
721 2302 771 2344 p.
798 2291 875 2333 14:
915 2287 1153 2333 occultum
1192 2288 1419 2334 Handius
1449 2291 1574 2334 1850
1599 2302 1647 2345 p.
1671 2291 1734 2334 25

18 2335 22 2362 ”
113 2343 350 2391 Nemeaeo
383 2361 432 2395 ςε
465 2359 630 2392 nemeo
721 2355 773 2391 5⁹
803 2346 1020 2392 Pellaeus
1049 2363 1098 2398 ςε
1131 2347 1315 2406 pollens
1407 2356 1456 2392 oz
1480 2347 1825 2404 Prestabatque

114 2406 191 2462 (ef.
200 2406 451 2452 Buecheler
466 2406 630 2452 Rhein.
642 2406 771 2453 Mus.
782 2410 858 2463 52,
876 2411 998 2453 1897
1010 2410 1196 2465 p.396):
1215 2407 1562 2466 prensabatque
1580 2422 1622 2452 o:
1640 2420 1824 2465 pressa-

20 2503 22 2507 .
113 2464 290 2522 batque
320 2465 567 2513 Schrader:
597 2466 818 2511 versabat
847 2467 1049 2536 Saenqer
1140 2476 1189 2512 04
1222 2467 1283 2512 ab
1317 2483 1359 2514 o:
1393 2467 1455 2512 ad
1487 2467 1536 2526 (d
1566 2469 1620 2512 in
1649 2482 1741 2514 ras.
1768 2482 1826 2513 ex

112 2523 146 2570 b
166 2524 253 2582 1¹)
343 2534 393 2569 ⁸5
418 2525 544 2571 acies
568 2551 624 2560 -
648 2526 877 2572 narrabat
899 2540 1081 2584 oplmas
1106 2542 1155 2578 ςε
1189 2528 1292 2573 acie
1309 2554 1364 2561 —
1382 2526 1608 2572 narrabat
1632 2527 1821 2584 opinas:

114 2584 239 2654 ocio·
254 2599 300 2630 n.
313 2585 701 2655 opinor-Kalinlfa
717 2589 841 2633 1890
848 2590 1023 2656 p.354:
1043 2586 1168 2632 acies
1186 2586 1394 2633 navabat
1410 2586 1591 2644 opimas
1601 2587 1821 2656 Saenqer:

24 2656 26 2678 ψ
114 2655 218 2690 ame
249 2670 305 2679 —
338 2645 559 2691 sacrabat
588 2659 747 2704 opma
778 2647 1069 2693 Bur-swanus:
1103 2647 1204 2692 acic
1236 2673 1292 2681 —
1323 2660 1539 2692 narrasse
1572 2648 1676 2703 (inf.
1699 2648 1823 2704 huet.)

114 2704 372 2776 propinans
403 2705 648 2751 Krolmim
690 2766 698 2776 .
748 2714 796 2749 0⁷
830 2706 1008 2751 clusam
1039 2720 1215 2766 magna
1247 2708 1318 2764 (de
1347 2708 1509 2753 sao-isis
1533 2707 1822 2763 potissimum

114 2770 283 2823 κουροι
313 2764 528 2825 Samqer,
559 2766 618 2821 es.
635 2771 773 2811 ettam
807 2766 904 2822 1⁷1,
922 2769 1048 2823 134):
1081 2765 1306 2812 chulta
1330 2768 1585 2812 Baehrens:
1620 2765 1739 2811 Susa
1767 2780 1823 2812 ac

457 2839 506 2871 er
528 2826 597 2880 (at
619 2824 799 2870 clu-sm
822 2829 1127 2873 necessarium
1142 2832 1334 2885 propter
1352 2825 1650 2884 refragor-20:
1676 2826 1825 2871 densa

63 2849 68 2861 ι
114 2836 351 2930 maun
436 2885 639 2931 orechius
