2034 3126
687 60 1000 122 smmum
1030 61 1081 108 L.
1105 61 1184 118 111,
1210 66 1236 106 ε
1739 63 1810 116 97

103 218 199 252 nec
238 203 416 251 minor
452 199 536 251 his
576 202 637 251 tu
675 217 833 252 nosse
870 199 1030 251 fidem
1067 202 1337 268 vitamque
1375 202 1581 252 maritis
1753 213 1811 253 50

104 274 303 326 dedere.
365 277 439 325 sic
478 276 616 325 certe
655 276 855 326 cineres
895 273 1242 342 umbramque
1279 277 1511 342 priorem

104 352 311 417 quaeris
352 348 543 414 adhuc,
584 351 659 400 sic
698 351 943 417 exequias
985 349 1228 417 amplexa
1266 351 1447 400 canori

103 426 347 492 coniugis
386 425 629 491 ingentes
667 425 874 474 iterasti
911 426 1123 491 pectore
1161 424 1430 491 planctus,

103 501 212 549 iam
250 515 382 549 mea.
442 514 541 550 nec
578 499 747 565 pietas
788 498 895 548 alia
933 500 1013 549 est
1050 497 1151 549 tibi
1190 515 1419 566 curaque
1455 501 1634 566 natae,

103 575 177 623 sic
217 574 270 623 et
307 574 476 623 mater
513 589 679 639 amaS‚
721 574 795 623 sic
833 589 1126 640 numquam
1165 571 1319 624 corde
1358 572 1554 625 recedit
1751 587 1807 626 55

100 649 228 698 nata
266 650 383 713 tu0,
420 645 684 714 fixamque
724 649 888 697 animi
926 646 1286 714 penetralibus
1325 649 1448 699 imis

100 724 255 773 nocte
295 719 481 788 dieque
519 723 680 772 tenes,
741 738 849 772 non
892 723 967 772 sic
1005 720 1290 773 Trachinia
1326 721 1482 775 nidos

101 793 363 863 Alcyone,
401 812 591 847 vernos
630 812 741 847 non
780 798 855 847 sic
894 794 1193 847 Philomela
1229 798 1446 864 penates

101 872 344 922 circumit
383 870 704 938 amplectens
746 873 1080 938 animamque
1118 873 1177 922 in
1214 873 1446 939 pignora
1482 872 1749 924 transfert.

100 947 154 996 et
190 962 334 996 nunc
371 945 468 996 illa
505 946 670 1011 tenet,
709 944 870 996 viduo
912 944 1055 1013 quod
1095 945 1210 997 sola
1248 944 1413 997 cubili
1749 959 1806 998 60

3 1082 5 1085 ι
101 1021 212 1070 otia
249 1022 356 1070 iam
394 1018 646 1087 pulchrae
685 1021 811 1070 terit
846 1018 1132 1071 infecunda
1169 1021 1429 1072 iuventae.

100 1093 193 1145 sed
230 1096 465 1160 venient,
503 1094 677 1162 plenis
716 1096 932 1146 venient
971 1093 1201 1146 conubia
1237 1093 1421 1146 taedis,

100 1171 175 1219 sic
215 1171 352 1220 certe
389 1168 694 1237 formaeque
731 1168 887 1221 bonis
929 1171 1197 1237 animique
1235 1173 1487 1236 meretur3

100 1245 210 1294 sive
250 1242 440 1311 chelyn
480 1243 755 1311 complexa
791 1246 928 1311 petit
967 1261 1058 1295 seu
1097 1261 1224 1296 voce
1261 1246 1484 1312 paterna

100 1316 407 1369 discendum
444 1315 613 1369 Musis
655 1320 811 1370 sonat
850 1321 902 1370 et
939 1336 1055 1370 mea
1094 1321 1329 1370 carmina
1366 1318 1552 1386 flectit,
1749 1332 1805 1371 65

98 1391 322 1443 candida
360 1409 453 1443 seu
490 1392 643 1444 molli
682 1391 884 1444 diducit
921 1392 1139 1444 brachia
1175 1395 1349 1446 motu:

97 1469 376 1535 ingenium
414 1466 654 1535 probitas
695 1470 964 1536 artemque
1003 1467 1264 1520 modestia
1300 1470 1481 1520 vincit.

97 1558 276 1593 nonne
315 1541 454 1593 leves
493 1559 708 1610 pueros,
746 1559 859 1594 non
897 1545 971 1609 te,
1012 1540 1293 1611 Cytherea,
1332 1542 1554 1611 pudebit

11 1677 15 1685 ,
97 1615 199 1668 hoc
236 1633 438 1668 cessare
476 1615 669 1668 decus?
729 1634 827 1668 nec
865 1619 1077 1668 tantum
1114 1607 1288 1669 Roma
1323 1618 1528 1686 iugales

0 1655 14 1764 ,Ι
98 1691 380 1743 conciliare
418 1693 564 1743 toros
603 1691 870 1760 festasque
909 1691 1187 1744 accendere
1225 1691 1402 1743 taedas
1749 1704 1805 1744 ‘10

0 1755 2 1781 '
97 1764 314 1817 fertilis:
375 1768 427 1817 et
466 1768 650 1818 nostra
686 1769 869 1834 generi
907 1767 1097 1818 tellure
1137 1766 1419 1818 dabuntur.

96 1857 207 1892 non
247 1839 375 1892 adeo
415 1838 716 1892 Vesuvinus
757 1858 890 1910 apex
930 1844 983 1893 et
1020 1840 1264 1893 flammea
1302 1841 1404 1893 diri

97 1917 295 1966 montis
336 1914 504 1966 hiems
544 1914 776 1983 trepidas
818 1915 1062 1968 exhausit
1099 1915 1303 1968 civibus
1345 1915 1523 1968 urbes:
1594 1968 1598 1973 ,

16 1982 19 1987 ’
97 1992 242 2041 stant
280 1989 600 2058 populisque
639 1992 836 2059 vigent.
897 1990 1023 2043 hinc
1062 1994 1274 2059 auspice
1314 1990 1528 2043 condita
1566 1990 1783 2044 Phoebo

215 2187 267 2223 ω
296 2179 536 2236 vitamque
567 2194 616 2229 ςε
656 2179 942 2236 victamque:
974 2180 1291 2239 invictamque
1325 2181 1580 2226 Baehrens:
1614 2180 1805 2226 vittam-

95 2252 187 2295 que
213 2240 585 2297 Maenayhtenue
607 2242 731 2285 1890
746 2242 921 2298 9134:
946 2240 1250 2298 iunctamque
1283 2242 1457 2286 Waller
1480 2244 1602 2286 1885
1622 2255 1670 2298 p.
1684 2243 1743 2285 33

95 2306 147 2343 ιι
176 2298 381 2343 iterasti:
415 2298 558 2343 iteras
589 2298 639 2343 in
670 2314 699 2349 ς
812 2308 862 2344 5⁵
894 2299 1033 2345 corde
1063 2299 1243 2346 recedit
1273 2300 1361 2345 1¹:
1394 2300 1574 2345 recedit
1604 2300 1742 2345 corde

96 2366 147 2403 ιο
169 2357 543 2416 penetrabilibus
633 2366 681 2402 67
707 2358 963 2404 Trachinia
987 2374 1034 2411 3:
1063 2360 1266 2405 intracia
1357 2367 1407 2403 ⁵8
1432 2373 1594 2405 vernos
1620 2375 1647 2411 ς
1672 2363 1805 2416 (recte

95 2418 200 2464 dist.
226 2418 448 2473 Imhofiue
479 2421 602 2463 1859
626 2432 676 2476 p.
702 2421 800 2472 33):
833 2432 1001 2465 nervos
1143 2419 1420 2478 philomelia
1559 2428 1610 2463 eo
1641 2419 1721 2465 Et:
1755 2422 1803 2465 te

97 2478 415 2524 Phazimorius
446 2478 513 2534 (et
540 2479 862 2538 necessarium)
973 2478 1059 2523 illa
1090 2481 1202 2536 (scil.
1227 2481 1369 2537 silico:
1402 2493 1514 2524 cura
1545 2480 1743 2538 Saenyer

28 2556 36 2592 f
93 2539 227 2583 tenet
257 2540 306 2593 (i.
333 2542 373 2583 te
405 2537 580 2583 Romae
607 2538 808 2596 retium:
841 2541 974 2596 tepet
1002 2540 1239 2585 Baehrens
1329 2539 1524 2584 viduum
1558 2565 1613 2573 —
1646 2538 1802 2584 cubile

99 2597 345 2643 Gema-tius
434 2604 480 2640 οι
505 2596 600 2641 iam
623 2599 1009 2657 (coniunyendwm
1033 2613 1136 2644 cwm
1157 2600 1251 2645 adi.
1268 2598 1535 2657 pulchrae):
1560 2601 1659 2643 tam
1676 2600 1802 2645 Poli-

31 2697 37 2710 ,
94 2658 254 2702 tinam
345 2664 395 2700 ω
426 2656 579 2713 plenis
610 2658 686 2714 (cf.
703 2658 925 2714 Imhofius
957 2663 1077 2704 1863
1095 2662 1261 2717 p.21):
1295 2658 1435 2704 laetis
1464 2659 1804 2705 Cornelissenus

33 2719 37 2723 ’
96 2719 221 2761 1877
246 2730 295 2774 p.
320 2719 440 2761 288:
474 2715 638 2774 primia
669 2716 976 2764 Schmun-tzitta
1007 2723 1130 2765 1889
1154 2734 1203 2777 p.
1232 2723 1262 2763 6
1398 2727 1448 2763 08
1480 2718 1718 2775 animique
1751 2733 1801 2769 5:

95 2775 375 2834 animaeque
527 2784 576 2820 u
606 2776 751 2835 petit2
791 2776 903 2823 ferit
933 2779 1244 2838 Peyraredus:
1278 2778 1435 2837 quatit
1476 2779 1649 2825 Walter
1679 2781 1802 2824 1886

88 2838 218 2892 1136
310 2843 359 2879 το
390 2839 515 2880 toros
548 2850 597 2886 ςε
629 2838 732 2881 toro
824 2845 873 2882 ‘n
903 2838 1151 2884 vesuvinus
1178 2838 1265 2883 11¹:
1298 2838 1518 2884 vesuinus
1612 2846 1659 2882 u
1690 2837 1802 2882 hinc

96 2895 341 2941 Heimiue:
376 2894 453 2940 hic

186 2976 307 3011 Βτιτι
331 2977 495 3013 sunu.
536 2977 606 3012 td.
619 2978 671 3012 11.
1508 2977 1531 3017 7
