2034 3126
670 107 983 154 SILVARUM
1013 107 1064 153 L.
1086 106 1167 164 111,
1189 111 1218 151 4
1720 105 1794 159 93

86 266 184 300 nec
221 265 384 300 mora.
443 250 552 299 iam
590 245 732 298 Latii
769 248 977 299 montes
1016 247 1313 314 veterisque
1350 246 1567 313 penates

86 321 345 389 Euandri,
386 338 518 391 quos
557 322 699 373 mole
735 338 877 373 nova
914 323 1066 389 pater
1101 321 1319 373 inclitus
1360 319 1503 371 orbis

87 398 282 449 excolit
319 399 372 448 et
410 399 629 448 summis
670 399 862 464 aequat
901 395 1242 448 Germanicus
1284 396 1455 446 astris,
1800 444 1803 447 ,

86 474 215 523 tunc
252 474 472 540 propior
508 474 616 522 iam
655 488 781 522 cura
819 470 964 538 deae,
1005 488 1139 539 quae
1177 469 1351 522 forma
1388 469 1596 537 capillis
1734 481 1792 521 50

0 573 6 616 ,κ
86 549 310 614 optima,
349 562 483 614 quae
520 548 682 597 vestis
721 562 900 598 roseos
942 544 1219 597 accendere
1258 545 1438 596 vultus

0 618 2 625 ⁸
86 623 231 689 apta,
271 619 415 689 quod
450 622 510 671 in
549 619 732 689 digitis
741 661 755 688 ‚
795 621 933 672 collo
975 619 1118 688 quod
1157 619 1371 688 dignius
1412 635 1613 670 aurum.

0 730 3 746 .
84 699 241 747 norat
279 696 517 747 caelestis
558 695 740 747 oculos
782 694 928 746 ducis
968 698 1189 763 ipsaque
1228 693 1406 746 taedas

4 782 5 785 ’
83 772 329 821 iunxerat
368 773 420 821 et
457 770 617 838 plena
655 768 867 821 dederat
906 769 1135 821 conubia
1173 768 1376 821 dextra:

85 847 160 896 sic
199 847 355 896 ornat
393 847 584 910 crineS,
624 843 814 912 Tyrios
856 847 931 896 sic
969 844 1148 895 fundit
1186 846 1433 911 amictuS‚
1734 854 1791 894 55

84 918 175 971 dat
212 919 387 971 radios
426 922 712 988 ignemque
752 937 922 971 suum.
985 936 1184 971 cessere
1221 921 1423 987 priores

83 993 302 1046 deliciae
339 994 704 1062 famulumque
742 1011 953 1063 greges;
992 993 1079 1046 hic
1117 994 1312 1062 pocula
1348 1009 1545 1061 magno

83 1072 260 1137 prima
298 1068 419 1121 duci
456 1086 769 1137 murrasque
807 1086 994 1138 graves
1035 1069 1390 1137 crystallaque
1428 1070 1609 1136 portat

84 1143 387 1196 candidiore
422 1161 608 1196 manu:
671 1146 858 1196 crescit
894 1161 1036 1196 nova
1073 1145 1248 1212 gratia
1284 1142 1510 1195 Baccho,

83 1236 199 1270 care
237 1236 371 1287 puer
409 1221 613 1287 superis
623 1259 637 1286 ,
677 1221 770 1287 qui
809 1218 1103 1287 praelibare
1142 1217 1430 1270 verendum
1734 1229 1791 1270 60

80 1297 264 1345 nectar
302 1296 354 1345 et
390 1296 665 1363 ingentem
703 1295 900 1346 totiens
942 1295 1251 1362 contingere
1291 1292 1530 1345 dextram

81 1368 301 1435 electuS,
342 1385 503 1437 quam
539 1385 697 1421 nosse
738 1366 922 1435 Getae,
962 1385 1124 1437 quam
1160 1370 1380 1437 tangere
1418 1366 1610 1420 Persae

80 1440 427 1513 Armeniique
465 1441 691 1512 Indique
729 1445 942 1512 petunt!
1006 1461 1037 1496 o
1078 1442 1247 1495 sidere
1286 1442 1471 1495 dextro

81 1516 241 1585 edite,
280 1518 452 1570 multa
490 1517 591 1570 tibi
630 1517 811 1570 divum
850 1517 1187 1587 indulgentia
1225 1518 1378 1570 favit!

80 1593 210 1645 olim
249 1595 430 1660 etiam,
467 1610 536 1645 ne
573 1595 747 1662 prima
783 1611 947 1662 genas
987 1593 1188 1662 lanugo
1227 1595 1458 1646 nitentes
1732 1605 1788 1644 65

79 1670 317 1736 carperet
354 1670 408 1720 et
445 1667 697 1737 pulchrae
735 1668 967 1720 fuscaret
1004 1670 1181 1737 gratia
1218 1668 1440 1736 formae,

77 1744 193 1811 ipse
233 1741 359 1794 deus
399 1745 602 1811 patriae
642 1742 836 1795 celsam
873 1745 1021 1795 trans
1062 1760 1294 1812 aequora
1331 1743 1493 1812 liquit

0 1850 22 1869 .·
78 1815 392 1886 Pergamon.
453 1817 597 1869 haud
633 1818 733 1870 ulli
771 1836 997 1886 puerum
1034 1818 1245 1871 mollire
1282 1820 1519 1887 potestas

16 1934 25 1952 f
78 1891 299 1959 credita,
340 1891 431 1944 sed
468 1895 630 1944 tacita
667 1895 873 1945 iuvenis
914 1892 1211 1945 Phoebeius
1253 1895 1364 1945 arte

77 1966 270 2019 leniter
307 1966 450 2019 haud
487 1967 601 2020 ullo
641 1984 958 2020 concussum
995 1968 1213 2020 vulnere
1253 1985 1444 2038 corpus
1731 1980 1786 2020 70

78 2040 143 2094 de
182 2059 310 2094 sexu
348 2044 575 2095 transire
612 2041 776 2095 iubet.
837 2044 1018 2095 tamen
1057 2046 1215 2095 anxia
1253 2046 1392 2095 curis

77 2115 350 2169 mordetur
387 2119 643 2186 puerique
681 2119 835 2169 timet
874 2114 1135 2187 Cytherea
1173 2117 1397 2171 dolores,

29 2251 34 2256 ⁸
77 2190 316 2244 nondum
356 2191 580 2260 pulchra
618 2191 764 2245 ducis
805 2193 1085 2245 clementia
1124 2195 1370 2262 coeperat
1408 2195 1530 2246 ortu

77 2267 307 2319 intactos
349 2284 555 2319 servare
593 2284 786 2335 mares;
824 2285 969 2319 nunc
1007 2267 1252 2337 frangere
1293 2286 1477 2320 sexum

78 2342 237 2410 atque
276 2341 546 2394 hominem
584 2344 790 2394 mutare
827 2343 1000 2411 nesae,
1039 2346 1328 2412 gavisaque
1368 2343 1510 2396 solos
1727 2354 1783 2395 76

7 2506 9 2524 ,
196 2479 244 2515 47
279 2471 448 2517 veteris
484 2485 571 2574 ned
574 2472 822 2519 Bar-thius:
856 2475 1127 2530 veteresque
1247 2482 1298 2518 48
1330 2473 1515 2519 Euandi
1637 2472 1784 2519 orbis·

8 2534 9 2538 ’
77 2529 208 2575 urbis
241 2546 268 2581 ς
680 2533 855 2578 robum:
891 2532 1036 2578 comit
1065 2535 1118 2579 ci.
1148 2533 1348 2605 Saenyer
1452 2542 1499 2578 57
1534 2547 1724 2592 gregres

78 2598 130 2634 σο
151 2596 265 2636 recte
286 2591 505 2637 distinxit
476 2531 677 2637 11an
705 2606 753 2638 er
777 2596 1030 2652 1887p.10
1120 2602 1164 2637 οι
1191 2593 1496 2653 continguere
1588 2602 1637 2637 68
1654 2592 1783 2638 Flec-

79 2652 156 2695 tus
248 2659 298 2695 ⁸8
321 2650 406 2696 uni
429 2667 478 2701 3:
505 2650 597 2696 illi·
624 2606 707 2696 vi⁰fi
725 2652 875 2712 Saeny
875 2667 944 2699 er·
971 2652 1054 2697 alii
1073 2654 1392 2699 Phillimon-ius
1483 2661 1532 2698 70
1549 2666 1716 2710 corpus
1734 2668 1783 2704 ςε

79 2722 276 2767 corpeus
369 2719 416 2754 78
448 2710 695 2768 puerique:
726 2726 967 2771 pueroque
1002 2713 1103 2759 Otto
1137 2716 1261 2759 1887
1285 2728 1335 2772 p.
1362 2717 1453 2759 537
1545 2713 1726 2758 cithera

79 2777 129 2813 π
159 2773 263 2814 ortu
296 2772 681 2830 (coniunqendum
708 2786 811 2818 cum
835 2786 1008 2818 mares:
1041 2774 1123 2831 qui
1145 2787 1294 2820 mares
1315 2774 1421 2819 nati
1451 2778 1621 2823 erant).
1655 2774 1785 2819 artus

80 2829 349 2889 Postumius
374 2835 494 2876 1905
515 2845 562 2888 p.
583 2834 694 2876 128:
721 2834 822 2877 arte
851 2833 1041 2878 Owenus
1067 2836 1183 2878 1905
1206 2848 1251 2891 p.
1263 2837 1372 2879 175:
1399 2832 1500 2878 orbi
1526 2833 1726 2893 Saenyer

80 2896 129 2933 π
160 2888 284 2934 uolo·
315 2903 432 2946 quon
464 2890 631 2948 genuit
659 2892 690 2936 i.
707 2892 825 2938 coloe
847 2906 995 2938 mares
1018 2906 1074 2938 ac
1094 2894 1307 2950 feminae,
1339 2907 1434 2939 non
1457 2894 1641 2939 tertium
1663 2893 1786 2939 illud

77 2962 222 3008 mun
250 2950 561 2996 monachorum
591 2951 805 3009 (Lampr.
831 2953 963 2998 Alex.
989 2952 1086 2999 Sec.
1110 2956 1188 3007 23,
1212 2955 1260 3009 8)
