<?xml version="1.0" encoding="UTF-8"?>
<!DOCTYPE html PUBLIC "-//W3C//DTD XHTML 1.0 Transitional//EN"
    "http://www.w3.org/TR/xhtml1/DTD/xhtml1-transitional.dtd">
<html xmlns="http://www.w3.org/1999/xhtml" xml:lang="en" lang="en">
 <head>
  <title>
</title>
<meta http-equiv="Content-Type" content="text/html;charset=utf-8" />
  <meta name='ocr-system' content='tesseract 3.04.00' />
  <meta name='ocr-capabilities' content='ocr_page ocr_carea ocr_par ocr_line ocrx_word'/>
</head>
<body>
  <div class='ocr_page' id='page_1' title='image "./ppapinistatisilv00statuoft_0233.png"; bbox 0 0 2034 3126; ppageno 0'>
   <div class='ocr_carea' id='block_1_1' title="bbox 0 0 101 3126">
    <p class='ocr_par' dir='ltr' id='par_1_1' title="bbox 0 0 101 3126">
     <span class='ocr_line' id='line_1_1' title="bbox 0 0 101 3126; baseline 0 0"><span class='ocrx_word' id='word_1_1' title='bbox 0 0 101 3126; x_wconf 95' lang='lat' dir='ltr'> </span> 
     </span>
    </p>
   </div>
   <div class='ocr_carea' id='block_1_2' title="bbox 712 55 1835 115">
    <p class='ocr_par' dir='ltr' id='par_1_2' title="bbox 712 55 1835 115">
     <span class='ocr_line' id='line_1_2' title="bbox 712 55 1835 115; baseline -0.002 -10"><span class='ocrx_word' id='word_1_2' title='bbox 712 58 1026 105; x_wconf 68' lang='lat' dir='ltr'>sautum</span> <span class='ocrx_word' id='word_1_3' title='bbox 1054 59 1105 104; x_wconf 76' lang='grc' dir='ltr'>Ι..</span> <span class='ocrx_word' id='word_1_4' title='bbox 1129 59 1207 115; x_wconf 87' lang='lat' dir='ltr'>1v‚</span> <span class='ocrx_word' id='word_1_5' title='bbox 1232 55 1299 103; x_wconf 63' lang='grc' dir='ltr'>θ’·</span> <span class='ocrx_word' id='word_1_6' title='bbox 1391 55 1405 59; x_wconf 77' lang='grc'><em>“</em></span> <span class='ocrx_word' id='word_1_7' title='bbox 1731 57 1835 113; x_wconf 77' lang='lat'>1&#39;29</span> 
     </span>
    </p>
   </div>
   <div class='ocr_carea' id='block_1_3' title="bbox 350 197 1837 2056">
    <p class='ocr_par' dir='ltr' id='par_1_3' title="bbox 355 197 1836 345">
     <span class='ocr_line' id='line_1_3' title="bbox 355 197 1836 250; baseline 0 0"><span class='ocrx_word' id='word_1_8' title='bbox 355 197 447 250; x_wconf 90' lang='lat' dir='ltr'>sed</span> <span class='ocrx_word' id='word_1_9' title='bbox 483 197 639 249; x_wconf 87' lang='lat' dir='ltr'>Bruti</span> <span class='ocrx_word' id='word_1_10' title='bbox 678 200 819 249; x_wconf 89' lang='lat' dir='ltr'>senis</span> <span class='ocrx_word' id='word_1_11' title='bbox 859 199 1226 250; x_wconf 81' lang='lat' dir='ltr'>oscitationes</span> <span class='ocrx_word' id='word_1_12' title='bbox 1779 210 1836 250; x_wconf 78' lang='lat'>20</span> 
     </span>
     <span class='ocr_line' id='line_1_4' title="bbox 355 270 1160 345; baseline -0.001 -21"><span class='ocrx_word' id='word_1_13' title='bbox 355 271 419 324; x_wconf 87' lang='lat' dir='ltr'>de</span> <span class='ocrx_word' id='word_1_14' title='bbox 457 289 616 340; x_wconf 91' lang='lat' dir='ltr'>capsa</span> <span class='ocrx_word' id='word_1_15' title='bbox 650 274 833 323; x_wconf 86' lang='lat' dir='ltr'>miseri</span> <span class='ocrx_word' id='word_1_16' title='bbox 869 270 1160 345; x_wconf 74' lang='lat' dir='ltr'>libellionis</span> 
     </span>
    </p>

    <p class='ocr_par' dir='ltr' id='par_1_4' title="bbox 355 344 1391 415">
     <span class='ocr_line' id='line_1_5' title="bbox 355 344 1391 415; baseline -0.001 -16"><span class='ocrx_word' id='word_1_17' title='bbox 355 349 594 415; x_wconf 90' lang='lat' dir='ltr'>emptum</span> <span class='ocrx_word' id='word_1_18' title='bbox 630 346 753 414; x_wconf 90' lang='lat' dir='ltr'>plus</span> <span class='ocrx_word' id='word_1_19' title='bbox 792 348 970 398; x_wconf 90' lang='lat' dir='ltr'>minus</span> <span class='ocrx_word' id='word_1_20' title='bbox 1010 363 1126 398; x_wconf 84' lang='lat' dir='ltr'>asse</span> <span class='ocrx_word' id='word_1_21' title='bbox 1165 344 1391 412; x_wconf 84' lang='lat' dir='ltr'>Gaiano,</span> 
     </span>
    </p>

    <p class='ocr_par' dir='ltr' id='par_1_5' title="bbox 354 419 1322 488">
     <span class='ocr_line' id='line_1_6' title="bbox 354 419 1322 488; baseline -0.001 -15"><span class='ocrx_word' id='word_1_22' title='bbox 354 420 535 473; x_wconf 91' lang='lat' dir='ltr'>donas.</span> <span class='ocrx_word' id='word_1_23' title='bbox 595 437 764 488; x_wconf 84' lang='lat' dir='ltr'>usque</span> <span class='ocrx_word' id='word_1_24' title='bbox 803 419 1001 472; x_wconf 88' lang='lat' dir='ltr'>adeone</span> <span class='ocrx_word' id='word_1_25' title='bbox 1041 419 1322 473; x_wconf 87' lang='lat' dir='ltr'>defuerunt</span> 
     </span>
    </p>

    <p class='ocr_par' dir='ltr' id='par_1_6' title="bbox 354 494 1244 563">
     <span class='ocr_line' id='line_1_7' title="bbox 354 494 1244 563; baseline -0.001 -15"><span class='ocrx_word' id='word_1_26' title='bbox 354 498 518 548; x_wconf 86' lang='lat' dir='ltr'>caesis</span> <span class='ocrx_word' id='word_1_27' title='bbox 556 495 722 563; x_wconf 86' lang='lat' dir='ltr'>pillea</span> <span class='ocrx_word' id='word_1_28' title='bbox 761 496 883 546; x_wconf 89' lang='lat' dir='ltr'>suta</span> <span class='ocrx_word' id='word_1_29' title='bbox 919 494 982 546; x_wconf 89' lang='lat' dir='ltr'>de</span> <span class='ocrx_word' id='word_1_30' title='bbox 1020 495 1244 547; x_wconf 81' lang='lat' dir='ltr'>lacernis</span> 
     </span>
    </p>

    <p class='ocr_par' dir='ltr' id='par_1_7' title="bbox 353 567 1836 696">
     <span class='ocr_line' id='line_1_8' title="bbox 353 567 1836 638; baseline 0.001 -17"><span class='ocrx_word' id='word_1_31' title='bbox 353 570 439 622; x_wconf 91' lang='lat' dir='ltr'>vel</span> <span class='ocrx_word' id='word_1_32' title='bbox 474 569 729 620; x_wconf 89' lang='lat' dir='ltr'>mantelia</span> <span class='ocrx_word' id='word_1_33' title='bbox 766 567 1034 621; x_wconf 79' lang='lat' dir='ltr'>luridaeve</span> <span class='ocrx_word' id='word_1_34' title='bbox 1071 586 1318 638; x_wconf 80' lang='lat' dir='ltr'>mappae,</span> <span class='ocrx_word' id='word_1_35' title='bbox 1779 582 1836 622; x_wconf 82' lang='lat'>25</span> 
     </span>
     <span class='ocr_line' id='line_1_9' title="bbox 354 641 1314 696; baseline 0.001 -1"><span class='ocrx_word' id='word_1_36' title='bbox 354 643 566 696; x_wconf 86' lang='lat' dir='ltr'>chartae</span> <span class='ocrx_word' id='word_1_37' title='bbox 603 642 960 696; x_wconf 86' lang='lat' dir='ltr'>Thebaicaeve</span> <span class='ocrx_word' id='word_1_38' title='bbox 1000 641 1314 696; x_wconf 82' lang='lat' dir='ltr'>Caricaeve‘?</span> 
     </span>
    </p>

    <p class='ocr_par' dir='ltr' id='par_1_8' title="bbox 353 717 1369 787">
     <span class='ocr_line' id='line_1_10' title="bbox 353 717 1369 787; baseline -0.001 -16"><span class='ocrx_word' id='word_1_39' title='bbox 353 735 617 787; x_wconf 83' lang='lat' dir='ltr'>nusquam</span> <span class='ocrx_word' id='word_1_40' title='bbox 655 717 870 770; x_wconf 87' lang='lat' dir='ltr'>turbine</span> <span class='ocrx_word' id='word_1_41' title='bbox 908 717 1153 771; x_wconf 90' lang='lat' dir='ltr'>conditus</span> <span class='ocrx_word' id='word_1_42' title='bbox 1192 720 1369 771; x_wconf 88' lang='lat' dir='ltr'>ruenti</span> 
     </span>
    </p>

    <p class='ocr_par' dir='ltr' id='par_1_9' title="bbox 352 792 1494 862">
     <span class='ocr_line' id='line_1_11' title="bbox 352 792 1494 862; baseline 0.001 -18"><span class='ocrx_word' id='word_1_43' title='bbox 352 809 649 862; x_wconf 89' lang='lat' dir='ltr'>prunorum</span> <span class='ocrx_word' id='word_1_44' title='bbox 685 792 881 861; x_wconf 85' lang='lat' dir='ltr'>globus</span> <span class='ocrx_word' id='word_1_45' title='bbox 921 795 1081 861; x_wconf 92' lang='lat' dir='ltr'>atque</span> <span class='ocrx_word' id='word_1_46' title='bbox 1120 793 1494 845; x_wconf 79' lang='lat' dir='ltr'>cottanorum?</span> 
     </span>
    </p>

    <p class='ocr_par' dir='ltr' id='par_1_10' title="bbox 351 867 1837 1085">
     <span class='ocr_line' id='line_1_12' title="bbox 351 867 1582 936; baseline 0.001 -17"><span class='ocrx_word' id='word_1_47' title='bbox 351 885 463 920; x_wconf 92' lang='lat' dir='ltr'>non</span> <span class='ocrx_word' id='word_1_48' title='bbox 502 867 786 936; x_wconf 80' lang='lat' dir='ltr'>enlychnia</span> <span class='ocrx_word' id='word_1_49' title='bbox 824 870 983 936; x_wconf 88' lang='lat' dir='ltr'>sicca,</span> <span class='ocrx_word' id='word_1_50' title='bbox 1021 885 1134 920; x_wconf 92' lang='lat' dir='ltr'>non</span> <span class='ocrx_word' id='word_1_51' title='bbox 1171 868 1423 936; x_wconf 80' lang='lat' dir='ltr'>replictae</span> <span class='ocrx_word' id='word_1_52' title='bbox 1579 869 1582 888; x_wconf 80' lang='lat'>³</span> 
     </span>
     <span class='ocr_line' id='line_1_13' title="bbox 354 941 1837 994; baseline 0 0"><span class='ocrx_word' id='word_1_53' title='bbox 354 941 641 994; x_wconf 90' lang='lat' dir='ltr'>bulborum</span> <span class='ocrx_word' id='word_1_54' title='bbox 677 942 926 994; x_wconf 77' lang='lat' dir='ltr'>tunicae?</span> <span class='ocrx_word' id='word_1_55' title='bbox 986 958 1084 994; x_wconf 90' lang='lat' dir='ltr'>nec</span> <span class='ocrx_word' id='word_1_56' title='bbox 1124 958 1225 994; x_wconf 89' lang='lat' dir='ltr'>ova</span> <span class='ocrx_word' id='word_1_57' title='bbox 1261 944 1474 994; x_wconf 88' lang='lat' dir='ltr'>tantum</span> <span class='ocrx_word' id='word_1_58' title='bbox 1780 953 1837 994; x_wconf 82' lang='lat'>80</span> 
     </span>
     <span class='ocr_line' id='line_1_14' title="bbox 351 1016 1450 1085; baseline -0.001 -16"><span class='ocrx_word' id='word_1_59' title='bbox 351 1034 448 1069; x_wconf 90' lang='lat' dir='ltr'>nec</span> <span class='ocrx_word' id='word_1_60' title='bbox 486 1017 631 1069; x_wconf 85' lang='lat' dir='ltr'>lenes</span> <span class='ocrx_word' id='word_1_61' title='bbox 670 1016 874 1068; x_wconf 83' lang='lat' dir='ltr'>halicae</span> <span class='ocrx_word' id='word_1_62' title='bbox 911 1034 1010 1070; x_wconf 92' lang='lat' dir='ltr'>nec</span> <span class='ocrx_word' id='word_1_63' title='bbox 1048 1034 1296 1085; x_wconf 84' lang='lat' dir='ltr'>asperum</span> <span class='ocrx_word' id='word_1_64' title='bbox 1332 1016 1450 1068; x_wconf 81' lang='lat' dir='ltr'>far‘?</span> 
     </span>
    </p>

    <p class='ocr_par' dir='ltr' id='par_1_11' title="bbox 350 1088 1409 1160">
     <span class='ocr_line' id='line_1_15' title="bbox 350 1088 1409 1160; baseline 0 -17"><span class='ocrx_word' id='word_1_65' title='bbox 350 1108 618 1160; x_wconf 80' lang='lat' dir='ltr'>nusquam</span> <span class='ocrx_word' id='word_1_66' title='bbox 656 1088 938 1160; x_wconf 82' lang='lat' dir='ltr'>Cinyphiis</span> <span class='ocrx_word' id='word_1_67' title='bbox 977 1093 1172 1160; x_wconf 88' lang='lat' dir='ltr'>vagata</span> <span class='ocrx_word' id='word_1_68' title='bbox 1208 1094 1409 1160; x_wconf 87' lang='lat' dir='ltr'>campis</span> 
     </span>
    </p>

    <p class='ocr_par' dir='ltr' id='par_1_12' title="bbox 352 1165 1375 1219">
     <span class='ocr_line' id='line_1_16' title="bbox 352 1165 1375 1219; baseline 0 -1"><span class='ocrx_word' id='word_1_69' title='bbox 352 1183 634 1218; x_wconf 88' lang='lat' dir='ltr'>curvarum</span> <span class='ocrx_word' id='word_1_70' title='bbox 672 1165 859 1219; x_wconf 87' lang='lat' dir='ltr'>domus</span> <span class='ocrx_word' id='word_1_71' title='bbox 899 1165 1006 1218; x_wconf 87' lang='lat' dir='ltr'>uda</span> <span class='ocrx_word' id='word_1_72' title='bbox 1044 1166 1375 1218; x_wconf 82' lang='lat' dir='ltr'>coclearum?</span> 
     </span>
    </p>

    <p class='ocr_par' dir='ltr' id='par_1_13' title="bbox 351 1236 1440 1310">
     <span class='ocr_line' id='line_1_17' title="bbox 351 1236 1440 1310; baseline 0.001 -18"><span class='ocrx_word' id='word_1_73' title='bbox 351 1257 463 1293; x_wconf 91' lang='lat' dir='ltr'>non</span> <span class='ocrx_word' id='word_1_74' title='bbox 499 1239 710 1292; x_wconf 85' lang='lat' dir='ltr'>lardum</span> <span class='ocrx_word' id='word_1_75' title='bbox 746 1258 908 1310; x_wconf 87' lang='lat' dir='ltr'>grave</span> <span class='ocrx_word' id='word_1_76' title='bbox 947 1236 1202 1293; x_wconf 80' lang='lat' dir='ltr'>debilisve</span> <span class='ocrx_word' id='word_1_77' title='bbox 1238 1240 1440 1310; x_wconf 76' lang='lat' dir='ltr'>perna?</span> 
     </span>
    </p>

    <p class='ocr_par' dir='ltr' id='par_1_14' title="bbox 350 1313 1836 1459">
     <span class='ocr_line' id='line_1_18' title="bbox 350 1313 1836 1385; baseline 0 -18"><span class='ocrx_word' id='word_1_78' title='bbox 350 1332 463 1367; x_wconf 89' lang='lat' dir='ltr'>non</span> <span class='ocrx_word' id='word_1_79' title='bbox 500 1315 763 1383; x_wconf 85' lang='lat' dir='ltr'>lucanica,</span> <span class='ocrx_word' id='word_1_80' title='bbox 792 1333 905 1368; x_wconf 91' lang='lat' dir='ltr'>non</span> <span class='ocrx_word' id='word_1_81' title='bbox 942 1328 1147 1385; x_wconf 79' lang='lat' dir='ltr'>graves·</span> <span class='ocrx_word' id='word_1_82' title='bbox 1169 1315 1363 1383; x_wconf 88' lang='lat' dir='ltr'>falisci,</span> <span class='ocrx_word' id='word_1_83' title='bbox 1779 1313 1836 1368; x_wconf 77' lang='lat'>35</span> 
     </span>
     <span class='ocr_line' id='line_1_19' title="bbox 351 1390 1367 1459; baseline 0 -17"><span class='ocrx_word' id='word_1_84' title='bbox 351 1407 464 1442; x_wconf 91' lang='lat' dir='ltr'>non</span> <span class='ocrx_word' id='word_1_85' title='bbox 502 1390 583 1442; x_wconf 91' lang='lat' dir='ltr'>sal</span> <span class='ocrx_word' id='word_1_86' title='bbox 620 1407 984 1459; x_wconf 81' lang='lat' dir='ltr'>oxyporumve</span> <span class='ocrx_word' id='word_1_87' title='bbox 1023 1407 1294 1458; x_wconf 84' lang='lat' dir='ltr'>caseusve,</span> <span class='ocrx_word' id='word_1_88' title='bbox 1363 1417 1367 1422; x_wconf 51' lang='grc'><strong>’</strong></span> 
     </span>
    </p>

    <p class='ocr_par' dir='ltr' id='par_1_15' title="bbox 353 1464 1305 1533">
     <span class='ocr_line' id='line_1_20' title="bbox 353 1464 1305 1533; baseline 0 -17"><span class='ocrx_word' id='word_1_89' title='bbox 353 1467 446 1516; x_wconf 90' lang='lat' dir='ltr'>aut</span> <span class='ocrx_word' id='word_1_90' title='bbox 482 1482 645 1533; x_wconf 89' lang='lat' dir='ltr'>panes</span> <span class='ocrx_word' id='word_1_91' title='bbox 685 1464 964 1516; x_wconf 89' lang='lat' dir='ltr'>viridantis</span> <span class='ocrx_word' id='word_1_92' title='bbox 1005 1464 1305 1533; x_wconf 88' lang='lat' dir='ltr'>aphronitri</span> 
     </span>
    </p>

    <p class='ocr_par' dir='ltr' id='par_1_16' title="bbox 352 1538 1429 1608">
     <span class='ocr_line' id='line_1_21' title="bbox 352 1538 1429 1608; baseline 0 -17"><span class='ocrx_word' id='word_1_93' title='bbox 352 1540 438 1591; x_wconf 92' lang='lat' dir='ltr'>vel</span> <span class='ocrx_word' id='word_1_94' title='bbox 476 1557 694 1608; x_wconf 90' lang='lat' dir='ltr'>passum</span> <span class='ocrx_word' id='word_1_95' title='bbox 732 1538 947 1608; x_wconf 88' lang='lat' dir='ltr'>psithiis</span> <span class='ocrx_word' id='word_1_96' title='bbox 989 1542 1099 1592; x_wconf 91' lang='lat' dir='ltr'>suis</span> <span class='ocrx_word' id='word_1_97' title='bbox 1138 1541 1429 1606; x_wconf 86' lang='lat' dir='ltr'>recoctum,</span> 
     </span>
    </p>

    <p class='ocr_par' dir='ltr' id='par_1_17' title="bbox 352 1612 1321 1667">
     <span class='ocr_line' id='line_1_22' title="bbox 352 1612 1321 1667; baseline 0.001 -2"><span class='ocrx_word' id='word_1_98' title='bbox 352 1613 495 1666; x_wconf 87' lang='lat' dir='ltr'>dulci</span> <span class='ocrx_word' id='word_1_99' title='bbox 534 1612 743 1666; x_wconf 76' lang='lat' dir='ltr'>defi-uta</span> <span class='ocrx_word' id='word_1_100' title='bbox 780 1614 867 1666; x_wconf 91' lang='lat' dir='ltr'>vel</span> <span class='ocrx_word' id='word_1_101' title='bbox 904 1615 1084 1667; x_wconf 87' lang='lat' dir='ltr'>lutosa</span> <span class='ocrx_word' id='word_1_102' title='bbox 1121 1614 1321 1666; x_wconf 80' lang='lat' dir='ltr'>caeno?</span> 
     </span>
    </p>

    <p class='ocr_par' dir='ltr' id='par_1_18' title="bbox 351 1688 1837 1822">
     <span class='ocr_line' id='line_1_23' title="bbox 351 1688 1837 1758; baseline -0.001 -17"><span class='ocrx_word' id='word_1_103' title='bbox 351 1691 612 1758; x_wconf 82' lang='lat' dir='ltr'>quantum</span> <span class='ocrx_word' id='word_1_104' title='bbox 649 1706 747 1741; x_wconf 91' lang='lat' dir='ltr'>nec</span> <span class='ocrx_word' id='word_1_105' title='bbox 786 1688 909 1741; x_wconf 89' lang='lat' dir='ltr'>dare</span> <span class='ocrx_word' id='word_1_106' title='bbox 948 1706 1123 1741; x_wconf 87' lang='lat' dir='ltr'>cereos</span> <span class='ocrx_word' id='word_1_107' title='bbox 1164 1690 1390 1756; x_wconf 84' lang='lat' dir='ltr'>olentes,</span> <span class='ocrx_word' id='word_1_108' title='bbox 1779 1700 1837 1739; x_wconf 84' lang='lat'>40</span> 
     </span>
     <span class='ocr_line' id='line_1_24' title="bbox 351 1762 1265 1822; baseline 0.001 -7"><span class='ocrx_word' id='word_1_109' title='bbox 351 1764 628 1815; x_wconf 87' lang='lat' dir='ltr'>cultellum</span> <span class='ocrx_word' id='word_1_110' title='bbox 664 1766 916 1816; x_wconf 79' lang='lat' dir='ltr'>tenuesve</span> <span class='ocrx_word' id='word_1_111' title='bbox 954 1762 1265 1822; x_wconf 79' lang='lat' dir='ltr'>codicillos?</span> 
     </span>
    </p>

    <p class='ocr_par' dir='ltr' id='par_1_19' title="bbox 352 1838 1334 1907">
     <span class='ocr_line' id='line_1_25' title="bbox 352 1838 1334 1907; baseline 0 -17"><span class='ocrx_word' id='word_1_112' title='bbox 352 1838 568 1905; x_wconf 87' lang='lat' dir='ltr'>ollares,</span> <span class='ocrx_word' id='word_1_113' title='bbox 607 1855 763 1907; x_wconf 85' lang='lat' dir='ltr'>rogo,</span> <span class='ocrx_word' id='word_1_114' title='bbox 800 1855 913 1890; x_wconf 90' lang='lat' dir='ltr'>non</span> <span class='ocrx_word' id='word_1_115' title='bbox 951 1838 1144 1890; x_wconf 76' lang='lat' dir='ltr'>licebat</span> <span class='ocrx_word' id='word_1_116' title='bbox 1181 1856 1334 1906; x_wconf 77' lang='lat' dir='ltr'>uvaS‚</span> 
     </span>
    </p>

    <p class='ocr_par' dir='ltr' id='par_1_20' title="bbox 351 1910 1311 1981">
     <span class='ocr_line' id='line_1_26' title="bbox 351 1910 1311 1981; baseline 0.001 -17"><span class='ocrx_word' id='word_1_117' title='bbox 351 1910 591 1965; x_wconf 90' lang='lat' dir='ltr'>Cumano</span> <span class='ocrx_word' id='word_1_118' title='bbox 630 1915 840 1981; x_wconf 89' lang='lat' dir='ltr'>patinas</span> <span class='ocrx_word' id='word_1_119' title='bbox 880 1916 939 1964; x_wconf 91' lang='lat' dir='ltr'>in</span> <span class='ocrx_word' id='word_1_120' title='bbox 978 1912 1105 1965; x_wconf 90' lang='lat' dir='ltr'>orbe</span> <span class='ocrx_word' id='word_1_121' title='bbox 1143 1915 1311 1966; x_wconf 88' lang='lat' dir='ltr'>tortas</span> 
     </span>
    </p>

    <p class='ocr_par' dir='ltr' id='par_1_21' title="bbox 351 1986 1755 2056">
     <span class='ocr_line' id='line_1_27' title="bbox 351 1986 1755 2056; baseline 0 -17"><span class='ocrx_word' id='word_1_122' title='bbox 351 1990 444 2039; x_wconf 86' lang='lat' dir='ltr'>aut</span> <span class='ocrx_word' id='word_1_123' title='bbox 482 2005 644 2039; x_wconf 89' lang='lat' dir='ltr'>unam</span> <span class='ocrx_word' id='word_1_124' title='bbox 683 1986 805 2040; x_wconf 89' lang='lat' dir='ltr'>dare</span> <span class='ocrx_word' id='word_1_125' title='bbox 846 1987 1125 2056; x_wconf 88' lang='lat' dir='ltr'>synthesin</span> <span class='ocrx_word' id='word_1_126' title='bbox 1157 2018 1228 2024; x_wconf 89' lang='lat'>—</span> <span class='ocrx_word' id='word_1_127' title='bbox 1262 1987 1391 2056; x_wconf 89' lang='lat' dir='ltr'>quid</span> <span class='ocrx_word' id='word_1_128' title='bbox 1430 1987 1650 2039; x_wconf 76' lang='lat' dir='ltr'>horres?</span> <span class='ocrx_word' id='word_1_129' title='bbox 1684 2017 1755 2023; x_wconf 92' lang='lat'><strong>—</strong></span> 
     </span>
    </p>
   </div>
   <div class='ocr_carea' id='block_1_4' title="bbox 132 2099 466 2107">
    <p class='ocr_par' dir='ltr' id='par_1_22' title="bbox 132 2099 466 2107">
     <span class='ocr_line' id='line_1_28' title="bbox 132 2099 466 2107; baseline 0 0"><span class='ocrx_word' id='word_1_130' title='bbox 132 2099 466 2107; x_wconf 95' lang='lat' dir='ltr'> </span> 
     </span>
    </p>
   </div>
   <div class='ocr_carea' id='block_1_5' title="bbox 123 2176 1839 3013">
    <p class='ocr_par' dir='ltr' id='par_1_23' title="bbox 123 2176 1839 2953">
     <span class='ocr_line' id='line_1_29' title="bbox 245 2176 1835 2227; baseline 0 -6"><span class='ocrx_word' id='word_1_131' title='bbox 245 2185 289 2221; x_wconf 82' lang='grc'><em>81</em></span> <span class='ocrx_word' id='word_1_132' title='bbox 324 2176 581 2222; x_wconf 82' lang='lat' dir='ltr'>libellionis</span> <span class='ocrx_word' id='word_1_133' title='bbox 614 2191 662 2227; x_wconf 73' lang='grc' dir='ltr'>ςε</span> <span class='ocrx_word' id='word_1_134' title='bbox 698 2176 964 2222; x_wconf 82' lang='lat' dir='ltr'>libellioncs</span> <span class='ocrx_word' id='word_1_135' title='bbox 1115 2186 1164 2221; x_wconf 76' lang='grc'>84</span> <span class='ocrx_word' id='word_1_136' title='bbox 1197 2178 1365 2223; x_wconf 84' lang='lat' dir='ltr'>caesis:</span> <span class='ocrx_word' id='word_1_137' title='bbox 1400 2177 1557 2222; x_wconf 82' lang='lat' dir='ltr'>scissis</span> <span class='ocrx_word' id='word_1_138' title='bbox 1590 2176 1835 2222; x_wconf 69' lang='lat' dir='ltr'>Heinsius:</span> 
     </span>
     <span class='ocr_line' id='line_1_30' title="bbox 126 2237 1833 2295; baseline -0.002 -12"><span class='ocrx_word' id='word_1_139' title='bbox 126 2237 298 2283; x_wconf 71' lang='lat' dir='ltr'>masis</span> <span class='ocrx_word' id='word_1_140' title='bbox 338 2237 512 2282; x_wconf 84' lang='lat' dir='ltr'>Waller</span> <span class='ocrx_word' id='word_1_141' title='bbox 543 2240 668 2283; x_wconf 82' lang='lat'><strong><em>1885</em></strong></span> <span class='ocrx_word' id='word_1_142' title='bbox 691 2252 742 2295; x_wconf 81' lang='lat' dir='ltr'>p.</span> <span class='ocrx_word' id='word_1_143' title='bbox 766 2240 849 2282; x_wconf 77' lang='lat'>47:</span> <span class='ocrx_word' id='word_1_144' title='bbox 887 2237 1033 2282; x_wconf 83' lang='lat' dir='ltr'>cassis</span> <span class='ocrx_word' id='word_1_145' title='bbox 1067 2239 1245 2283; x_wconf 79' lang='lat' dir='ltr'>Polster</span> <span class='ocrx_word' id='word_1_146' title='bbox 1280 2241 1400 2282; x_wconf 85' lang='grc'><em>1878</em></span> <span class='ocrx_word' id='word_1_147' title='bbox 1428 2240 1524 2294; x_wconf 82' lang='lat' dir='ltr'>p.8</span> <span class='ocrx_word' id='word_1_148' title='bbox 1647 2237 1755 2281; x_wconf 87' lang='lat' dir='ltr'>suta</span> <span class='ocrx_word' id='word_1_149' title='bbox 1786 2252 1833 2287; x_wconf 74' lang='grc' dir='ltr'>ςε</span> 
     </span>
     <span class='ocr_line' id='line_1_31' title="bbox 126 2295 1776 2355; baseline -0.001 -13"><span class='ocrx_word' id='word_1_150' title='bbox 126 2296 248 2342; x_wconf 72' lang='lat' dir='ltr'>sicta</span> <span class='ocrx_word' id='word_1_151' title='bbox 278 2297 364 2355; x_wconf 78' lang='lat' dir='ltr'>(vel</span> <span class='ocrx_word' id='word_1_152' title='bbox 395 2300 502 2342; x_wconf 77' lang='lat' dir='ltr'>suta</span> <span class='ocrx_word' id='word_1_153' title='bbox 525 2298 595 2342; x_wconf 83' lang='lat' dir='ltr'>vel</span> <span class='ocrx_word' id='word_1_154' title='bbox 616 2296 780 2353; x_wconf 78' lang='lat' dir='ltr'>sicca):</span> <span class='ocrx_word' id='word_1_155' title='bbox 814 2299 943 2341; x_wconf 76' lang='lat' dir='ltr'>secta</span> <span class='ocrx_word' id='word_1_156' title='bbox 967 2298 1147 2343; x_wconf 77' lang='lat' dir='ltr'>Polster</span> <span class='ocrx_word' id='word_1_157' title='bbox 1172 2300 1292 2343; x_wconf 87' lang='grc'><em>1878</em></span> <span class='ocrx_word' id='word_1_158' title='bbox 1308 2312 1358 2355; x_wconf 80' lang='lat' dir='ltr'>p.</span> <span class='ocrx_word' id='word_1_159' title='bbox 1378 2301 1409 2342; x_wconf 88' lang='lat'><em>8</em></span> <span class='ocrx_word' id='word_1_160' title='bbox 1499 2304 1549 2340; x_wconf 76' lang='grc'><em>88</em></span> <span class='ocrx_word' id='word_1_161' title='bbox 1575 2295 1776 2341; x_wconf 85' lang='lat' dir='ltr'>Carthae</span> 
     </span>
     <span class='ocr_line' id='line_1_32' title="bbox 124 2355 1837 2414; baseline -0.001 -12"><span class='ocrx_word' id='word_1_162' title='bbox 124 2364 176 2402; x_wconf 82' lang='grc'><em>88</em></span> <span class='ocrx_word' id='word_1_163' title='bbox 206 2357 504 2402; x_wconf 73' lang='lat' dir='ltr'>cottanorum</span> <span class='ocrx_word' id='word_1_164' title='bbox 538 2372 586 2407; x_wconf 74' lang='lat'>5:</span> <span class='ocrx_word' id='word_1_165' title='bbox 620 2358 917 2402; x_wconf 84' lang='lat' dir='ltr'>cattanorum</span> <span class='ocrx_word' id='word_1_166' title='bbox 1042 2365 1093 2401; x_wconf 76' lang='grc'><em>88</em></span> <span class='ocrx_word' id='word_1_167' title='bbox 1124 2356 1398 2414; x_wconf 81' lang='lat' dir='ltr'>enlychnia:</span> <span class='ocrx_word' id='word_1_168' title='bbox 1433 2355 1670 2413; x_wconf 87' lang='lat' dir='ltr'>ellychnia</span> <span class='ocrx_word' id='word_1_169' title='bbox 1699 2356 1837 2414; x_wconf 75' lang='lat' dir='ltr'>vulqo</span> 
     </span>
     <span class='ocr_line' id='line_1_33' title="bbox 126 2414 1836 2473; baseline -0.001 -12"><span class='ocrx_word' id='word_1_170' title='bbox 126 2423 179 2461; x_wconf 82' lang='grc'><em>88</em></span> <span class='ocrx_word' id='word_1_171' title='bbox 207 2415 457 2461; x_wconf 88' lang='lat' dir='ltr'>bulborum</span> <span class='ocrx_word' id='word_1_172' title='bbox 490 2432 539 2466; x_wconf 74' lang='grc' dir='ltr'>ςε</span> <span class='ocrx_word' id='word_1_173' title='bbox 574 2414 815 2461; x_wconf 84' lang='lat' dir='ltr'>Bullorum</span> <span class='ocrx_word' id='word_1_174' title='bbox 905 2418 1112 2462; x_wconf 87' lang='lat' dir='ltr'>tantum:</span> <span class='ocrx_word' id='word_1_175' title='bbox 1145 2417 1339 2461; x_wconf 88' lang='lat' dir='ltr'>tandem</span> <span class='ocrx_word' id='word_1_176' title='bbox 1364 2417 1543 2462; x_wconf 75' lang='lat' dir='ltr'>Polstcr</span> <span class='ocrx_word' id='word_1_177' title='bbox 1572 2418 1696 2461; x_wconf 87' lang='grc'><em>1878</em></span> <span class='ocrx_word' id='word_1_178' title='bbox 1717 2429 1764 2473; x_wconf 81' lang='lat' dir='ltr'>p.</span> <span class='ocrx_word' id='word_1_179' title='bbox 1782 2418 1836 2460; x_wconf 86' lang='lat'>8:</span> 
     </span>
     <span class='ocr_line' id='line_1_34' title="bbox 128 2474 1776 2535; baseline -0.001 -14"><span class='ocrx_word' id='word_1_180' title='bbox 128 2478 379 2534; x_wconf 77' lang='lat' dir='ltr'>quantum!</span> <span class='ocrx_word' id='word_1_181' title='bbox 413 2477 678 2535; x_wconf 58' lang='lat' dir='ltr'>Postquam</span> <span class='ocrx_word' id='word_1_182' title='bbox 708 2479 831 2521; x_wconf 86' lang='lat'><strong><em>1905</em></strong></span> <span class='ocrx_word' id='word_1_183' title='bbox 858 2490 906 2533; x_wconf 79' lang='lat' dir='ltr'>p.</span> <span class='ocrx_word' id='word_1_184' title='bbox 934 2479 1024 2522; x_wconf 90' lang='lat'>130</span> <span class='ocrx_word' id='word_1_185' title='bbox 1128 2484 1174 2520; x_wconf 80' lang='lat'>81</span> <span class='ocrx_word' id='word_1_186' title='bbox 1206 2476 1335 2522; x_wconf 83' lang='lat' dir='ltr'>lenes</span> <span class='ocrx_word' id='word_1_187' title='bbox 1368 2476 1613 2521; x_wconf 74' lang='lat' dir='ltr'>Heinsius:</span> <span class='ocrx_word' id='word_1_188' title='bbox 1647 2474 1776 2520; x_wconf 83' lang='lat' dir='ltr'>leves</span> 
     </span>
     <span class='ocr_line' id='line_1_35' title="bbox 127 2535 1776 2595; baseline 0 -15"><span class='ocrx_word' id='word_1_189' title='bbox 127 2542 178 2580; x_wconf 78' lang='grc'><em>88</em></span> <span class='ocrx_word' id='word_1_190' title='bbox 208 2549 371 2595; x_wconf 80' lang='lat' dir='ltr'>gravo:</span> <span class='ocrx_word' id='word_1_191' title='bbox 404 2535 542 2581; x_wconf 81' lang='lat' dir='ltr'>breve</span> <span class='ocrx_word' id='word_1_192' title='bbox 570 2535 886 2582; x_wconf 72' lang='lat' dir='ltr'>Marklanduo</span> <span class='ocrx_word' id='word_1_193' title='bbox 974 2543 1024 2580; x_wconf 72' lang='lat'>85</span> <span class='ocrx_word' id='word_1_194' title='bbox 1056 2535 1293 2581; x_wconf 88' lang='lat' dir='ltr'>Lucanica</span> <span class='ocrx_word' id='word_1_195' title='bbox 1315 2536 1385 2579; x_wconf 73' lang='lat'>1²</span> <span class='ocrx_word' id='word_1_196' title='bbox 1411 2537 1592 2592; x_wconf 81' lang='lat' dir='ltr'>repetiit</span> <span class='ocrx_word' id='word_1_197' title='bbox 1614 2536 1666 2580; x_wconf 76' lang='lat' dir='ltr'>in</span> <span class='ocrx_word' id='word_1_198' title='bbox 1690 2549 1776 2594; x_wconf 73' lang='lat' dir='ltr'>my.</span> 
     </span>
     <span class='ocr_line' id='line_1_36' title="bbox 127 2593 1838 2665; baseline 0 -26"><span class='ocrx_word' id='word_1_199' title='bbox 127 2602 179 2639; x_wconf 82' lang='grc'><em>88</em></span> <span class='ocrx_word' id='word_1_200' title='bbox 209 2609 525 2665; x_wconf 77' lang='lat' dir='ltr'>oxyporumve</span> <span class='ocrx_word' id='word_1_201' title='bbox 557 2595 622 2641; x_wconf 78' lang='lat' dir='ltr'>ed.</span> <span class='ocrx_word' id='word_1_202' title='bbox 650 2595 851 2641; x_wconf 73' lang='lat' dir='ltr'>Aldina:</span> <span class='ocrx_word' id='word_1_203' title='bbox 885 2595 1187 2653; x_wconf 81' lang='lat' dir='ltr'>oxyforumve</span> <span class='ocrx_word' id='word_1_204' title='bbox 1315 2604 1363 2639; x_wconf 75' lang='lat'>87</span> <span class='ocrx_word' id='word_1_205' title='bbox 1396 2601 1556 2641; x_wconf 76' lang='lat' dir='ltr'>utrum</span> <span class='ocrx_word' id='word_1_206' title='bbox 1586 2593 1838 2639; x_wconf 81' lang='lat' dir='ltr'>nitidantis</span> 
     </span>
     <span class='ocr_line' id='line_1_37' title="bbox 128 2654 1838 2711; baseline -0.001 -10"><span class='ocrx_word' id='word_1_207' title='bbox 128 2668 195 2701; x_wconf 71' lang='lat' dir='ltr'>on</span> <span class='ocrx_word' id='word_1_208' title='bbox 220 2654 470 2700; x_wconf 71' lang='lat' dir='ltr'>viridantis</span> <span class='ocrx_word' id='word_1_209' title='bbox 493 2659 539 2698; x_wconf 69' lang='grc' dir='ltr'>Ι</span> <span class='ocrx_word' id='word_1_210' title='bbox 560 2656 740 2710; x_wconf 70' lang='lat' dir='ltr'>habeat,</span> <span class='ocrx_word' id='word_1_211' title='bbox 768 2669 865 2701; x_wconf 77' lang='lat' dir='ltr'>non</span> <span class='ocrx_word' id='word_1_212' title='bbox 886 2657 1025 2711; x_wconf 77' lang='lat' dir='ltr'>facile</span> <span class='ocrx_word' id='word_1_213' title='bbox 1047 2656 1355 2710; x_wconf 74' lang='lat' dir='ltr'>contenderis;</span> <span class='ocrx_word' id='word_1_214' title='bbox 1386 2655 1507 2701; x_wconf 76' lang='lat' dir='ltr'>illud</span> <span class='ocrx_word' id='word_1_215' title='bbox 1529 2654 1838 2709; x_wconf 70' lang='lat' dir='ltr'>verisimilius,</span> 
     </span>
     <span class='ocr_line' id='line_1_38' title="bbox 123 2713 1718 2773; baseline -0.002 -12"><span class='ocrx_word' id='word_1_216' title='bbox 123 2714 351 2772; x_wconf 74' lang='lat' dir='ltr'>probatur</span> <span class='ocrx_word' id='word_1_217' title='bbox 381 2715 652 2773; x_wconf 70' lang='lat' dir='ltr'>Schillinyio</span> <span class='ocrx_word' id='word_1_218' title='bbox 682 2718 805 2760; x_wconf 86' lang='lat'><em>1905</em></span> <span class='ocrx_word' id='word_1_219' title='bbox 830 2729 880 2773; x_wconf 78' lang='lat' dir='ltr'>p.</span> <span class='ocrx_word' id='word_1_220' title='bbox 907 2719 966 2760; x_wconf 88' lang='grc'>55</span> <span class='ocrx_word' id='word_1_221' title='bbox 1089 2715 1352 2772; x_wconf 74' lang='lat' dir='ltr'>aphronitri</span> <span class='ocrx_word' id='word_1_222' title='bbox 1385 2730 1433 2765; x_wconf 73' lang='grc' dir='ltr'>ςε</span> <span class='ocrx_word' id='word_1_223' title='bbox 1468 2714 1522 2759; x_wconf 85' lang='lat' dir='ltr'>af</span> <span class='ocrx_word' id='word_1_224' title='bbox 1552 2713 1718 2759; x_wconf 83' lang='lat' dir='ltr'>ronitri</span> 
     </span>
     <span class='ocr_line' id='line_1_39' title="bbox 128 2729 1720 2824; baseline -0.001 -4"><span class='ocrx_word' id='word_1_225' title='bbox 128 2780 181 2819; x_wconf 72' lang='lat'>⁸⁸</span> <span class='ocrx_word' id='word_1_226' title='bbox 209 2774 308 2820; x_wconf 75' lang='lat' dir='ltr'>mis</span> <span class='ocrx_word' id='word_1_227' title='bbox 339 2776 592 2820; x_wconf 64' lang='lat' dir='ltr'>Ammius:</span> <span class='ocrx_word' id='word_1_228' title='bbox 633 2774 735 2819; x_wconf 81' lang='lat' dir='ltr'>uvis</span> <span class='ocrx_word' id='word_1_229' title='bbox 764 2776 834 2820; x_wconf 83' lang='lat' dir='ltr'>vel</span> <span class='ocrx_word' id='word_1_230' title='bbox 863 2775 970 2819; x_wconf 83' lang='lat' dir='ltr'>unis</span> <span class='ocrx_word' id='word_1_231' title='bbox 1120 2784 1170 2819; x_wconf 77' lang='grc'><em>89</em></span> <span class='ocrx_word' id='word_1_232' title='bbox 1203 2775 1390 2819; x_wconf 83' lang='lat' dir='ltr'>defruta</span> <span class='ocrx_word' id='word_1_233' title='bbox 1423 2790 1471 2824; x_wconf 73' lang='grc' dir='ltr'>ςε</span> <span class='ocrx_word' id='word_1_234' title='bbox 1505 2729 1720 2819; x_wconf 58' lang='lat' dir='ltr'>‹fefructa</span> 
     </span>
     <span class='ocr_line' id='line_1_40' title="bbox 128 2832 1839 2881; baseline 0.001 -3"><span class='ocrx_word' id='word_1_235' title='bbox 128 2840 182 2878; x_wconf 76' lang='grc'><em>88</em></span> <span class='ocrx_word' id='word_1_236' title='bbox 202 2846 310 2880; x_wconf 81' lang='lat' dir='ltr'>nec:</span> <span class='ocrx_word' id='word_1_237' title='bbox 343 2833 420 2879; x_wconf 82' lang='lat' dir='ltr'>vel</span> <span class='ocrx_word' id='word_1_238' title='bbox 444 2849 467 2878; x_wconf 84' lang='grc' dir='ltr'><strong>ο</strong></span> <span class='ocrx_word' id='word_1_239' title='bbox 558 2842 602 2878; x_wconf 78' lang='grc'>41</span> <span class='ocrx_word' id='word_1_240' title='bbox 628 2832 885 2879; x_wconf 78' lang='lat' dir='ltr'>cutellum:</span> <span class='ocrx_word' id='word_1_241' title='bbox 912 2833 1157 2879; x_wconf 73' lang='lat' dir='ltr'>scutellam</span> <span class='ocrx_word' id='word_1_242' title='bbox 1182 2834 1333 2881; x_wconf 83' lang='lat' dir='ltr'>Slater</span> <span class='ocrx_word' id='word_1_243' title='bbox 1422 2843 1471 2878; x_wconf 76' lang='grc'>48</span> <span class='ocrx_word' id='word_1_244' title='bbox 1496 2833 1565 2878; x_wconf 84' lang='lat' dir='ltr'>in:</span> <span class='ocrx_word' id='word_1_245' title='bbox 1591 2832 1668 2878; x_wconf 84' lang='lat' dir='ltr'>vcl</span> <span class='ocrx_word' id='word_1_246' title='bbox 1689 2832 1839 2879; x_wconf 69' lang='lat' dir='ltr'>Haim-</span> 
     </span>
     <span class='ocr_line' id='line_1_41' title="bbox 130 2892 683 2953; baseline 0.002 -14"><span class='ocrx_word' id='word_1_247' title='bbox 130 2893 249 2939; x_wconf 66' lang='lat' dir='ltr'>n’m:</span> <span class='ocrx_word' id='word_1_248' title='bbox 281 2892 369 2939; x_wconf 74' lang='lat' dir='ltr'>sub</span> <span class='ocrx_word' id='word_1_249' title='bbox 399 2895 455 2940; x_wconf 75' lang='lat' dir='ltr'>ci.</span> <span class='ocrx_word' id='word_1_250' title='bbox 482 2893 683 2953; x_wconf 71' lang='lat' dir='ltr'>Samqor</span> 
     </span>
    </p>

    <p class='ocr_par' dir='ltr' id='par_1_24' title="bbox 223 2962 1568 3013">
     <span class='ocr_line' id='line_1_42' title="bbox 223 2962 1568 3013; baseline -0.001 -3"><span class='ocrx_word' id='word_1_251' title='bbox 223 2974 346 3010; x_wconf 62' lang='lat' dir='ltr'>&amp;An</span> <span class='ocrx_word' id='word_1_252' title='bbox 371 2976 534 3011; x_wconf 54' lang='lat' dir='ltr'>sunan.</span> <span class='ocrx_word' id='word_1_253' title='bbox 575 2976 704 3011; x_wconf 60' lang='lat' dir='ltr'>mn.</span> <span class='ocrx_word' id='word_1_254' title='bbox 1443 2962 1448 2970; x_wconf 83' lang='grc'><em>’</em></span> <span class='ocrx_word' id='word_1_255' title='bbox 1542 2972 1568 3013; x_wconf 79' lang='grc'>9</span> 
     </span>
    </p>
   </div>
  </div>
 </body>
</html>
