2034 3126
190 84 339 127 XXVI
868 85 1209 130 PRAEFATIO

191 226 297 273 eius
328 225 550 272 familiae
583 225 834 273 codicibus
864 227 1122 274 recesserit
1151 226 1384 274 librarius
1410 221 1462 289 Q,
1494 228 1591 276 nisi
1625 229 1746 290 quid
1771 246 1883 277 eum

191 301 388 361 praeter
420 299 626 347 classem
657 314 693 363 γ
726 299 922 346 aliunde
954 299 1188 361 petivisse
1221 303 1430 349 statuas.

265 372 465 420 accedit
497 374 556 421 ut
593 375 646 421 in
685 373 825 421 libris
866 369 904 429 Q
943 377 993 422 et
1031 368 1081 421 K
1121 375 1220 422 alio
1261 377 1537 424 atramento
1578 378 1645 424 sit
1685 377 1883 425 additus

190 462 358 495 versus
391 447 416 494 I
448 449 496 507 4,
531 448 626 495 86²²
657 450 865 496 omissus
895 450 949 495 in
985 442 1096 497 GHI
1127 450 1176 496 et
1205 449 1259 495 in
1291 444 1330 504 Q
1362 465 1530 498 versus
1562 451 1588 498 I
1614 452 1660 511 6,
1696 453 1777 498 22.
1815 453 1881 499 23

191 522 291 569 3113
336 537 490 568 11131111
533 522 587 569 111
624 523 847 585 margine
886 523 1143 584 suppletae
1184 524 1297 570 sint.
1367 524 1612 572 consentit
1650 526 1806 588 igitur
1846 521 1885 581 Q

189 611 565 657 nonnumquam
605 611 716 643 cum
754 597 1059 658 reliquorum
1098 590 1320 662 (praeter
1359 591 1546 664 GHIK)
1586 600 1756 660 turba,
1799 600 1886 647 ubi

189 670 473 718 coniectura
520 686 689 718 eorum
734 671 995 718 lectionem
1042 687 1185 719 nemo
1231 673 1399 733 potuit
1438 675 1646 734 assequi.
1717 676 1885 722 tamen

188 745 273 792 vix
311 759 488 805 operae
528 746 744 806 pretium
781 760 885 793 esse
918 745 1132 793 arbitror
1164 747 1444 794 accuratius
1476 748 1724 809 inquirere
1759 764 1883 809 quae

187 819 317 866 inter
349 818 539 867 codices
573 812 615 867 Gr
646 811 695 866 et
726 813 890 875 HIKQ
921 819 1195 868 intercedat
1223 821 1354 868 ratio
1388 837 1576 883 quaeve
1607 823 1739 869 inter
1769 823 1883 871 illos

187 893 343 954 ipsos,
375 893 697 942 manifestum
722 895 797 942 est
822 895 952 941 enim
976 895 1103 942 nihil
1126 895 1290 943 valere
1317 895 1523 943 classem
1547 910 1582 959 γ
1607 897 1670 943 ad
1693 898 1885 944 textum

186 966 552 1015 recensendum.
600 985 758 1015 unum
782 969 987 1016 adnoto:
1011 984 1109 1016 non
1133 969 1293 1016 videri
1318 971 1605 1032 cognovisse
1624 970 1885 1018 librarium

187 1041 305 1088 libri
329 1036 371 1091 G
403 1057 484 1090 eas
519 1042 701 1090 codicis
725 1037 776 1091 Μ
807 1045 1110 1091 correcturas
1144 1059 1266 1105 quas
1294 1054 1347 1091 m
1371 1045 1490 1092 nota
1515 1045 1884 1106 comprehendi-

186 1131 317 1177 mus,
357 1115 476 1164 licet
508 1117 590 1165 hic
621 1117 727 1165 illic
757 1117 889 1164 idem
921 1119 1179 1166 assecutus
1212 1118 1279 1165 sit
1310 1118 1611 1180 coniectura,
1655 1119 1787 1180 quod
1818 1131 1882 1169 m.

186 1192 380 1238 restant
411 1190 542 1238 enim
572 1191 670 1239 loci
700 1191 788 1238 ubi
810 1193 924 1254 post
949 1194 1281 1240 correcturam
1304 1203 1355 1241 m
1378 1193 1431 1240 in
1455 1193 1737 1242 Matritensi
1763 1193 1885 1255 quid

187 1265 350 1326 prima
396 1281 547 1312 manu
586 1266 738 1313 fuerit
776 1267 1040 1328 scriptum,
1087 1282 1187 1314 non
1225 1266 1347 1315 satis
1385 1267 1596 1328 liqueat:
1644 1267 1713 1316 eis
1751 1267 1885 1315 haud

168 1354 300 1388 raro
327 1338 477 1386 codex
502 1333 544 1388 Gr
568 1355 681 1387 cum
707 1340 872 1388 codice
890 1336 929 1389 F
955 1341 1247 1403 primariam
1270 1341 1533 1389 lectionem
1557 1343 1883 1390 conservavit.

187 1414 328 1461 cuius
358 1413 432 1461 rei
465 1415 689 1476 exempla
719 1415 853 1462 infra
883 1415 936 1462 in
966 1415 1191 1463 tabulam
1224 1415 1431 1464 collecta
1463 1409 1771 1483 adponam.¹)

255 1487 366 1535 Iam
400 1488 463 1535 ad
488 1488 704 1536 codicem
731 1487 1058 1538 Oxoniensem
1083 1483 1173 1556 (F)
1196 1491 1521 1538 transeamus.
1576 1507 1722 1553 quem
1749 1490 1882 1539 Olar-

184 1563 297 1610 111115
321 1562 352 1609 l.
371 1562 402 1610 1.
422 1564 471 1609 et
496 1565 610 1610 ante
629 1580 737 1611 eum
755 1562 1005 1612 Krohnius
1025 1580 1083 1611 ex
1097 1564 1207 1626 ipso
1228 1565 1511 1612 Matritensi
1526 1566 1884 1628 transcriptum

187 1652 290 1684 esse
315 1637 560 1701 cognovit.
610 1639 759 1699 atque
784 1640 828 1687 si
852 1639 963 1700 quis
988 1639 1247 1701 utriusque
1263 1638 1383 1686 libri
1397 1639 1634 1688 lectiones
1653 1642 1883 1688 accurate

184 1711 316 1758 inter
347 1726 398 1759 se
427 1713 804 1774 comparaverit,
836 1729 936 1761 non
960 1712 1214 1760 dubitabit
1237 1714 1358 1776 quin
1380 1729 1553 1762 revera
1575 1714 1882 1762 Matritensis

184 1786 289 1847 ipse
322 1785 502 1834 codicis
535 1781 575 1834 F
609 1787 861 1849 exemplar
891 1788 1056 1835 fuerit.
1110 1787 1270 1835 redire
1304 1789 1471 1836 autem
1495 1783 1536 1836 F
1570 1788 1630 1836 ad
1664 1789 1883 1836 codicem

184 1854 248 1920 M,
278 1860 360 1907 vel
392 1876 447 1908 eo
479 1860 538 1908 fit
566 1861 835 1909 verisimile
868 1862 1001 1924 quod
1024 1863 1077 1908 in
1100 1857 1141 1910 F
1167 1862 1416 1910 omittitur
1440 1879 1484 1911 v.
1510 1862 1535 1909 I
1563 1867 1610 1924 1,
1637 1864 1728 1911 38:
1762 1862 1880 1910 ordo

183 1949 415 1982 versuum
460 1936 514 1982 in
552 1930 602 1984 M
646 1935 899 1999 turbatus,
946 1936 1064 1984 licet
1108 1937 1369 1985 restitutus
1413 1936 1474 1985 ab
1513 1938 1622 1999 ipso
1660 1937 1880 1998 librario,

185 2009 331 2057 huius
365 2009 644 2057 omissionis
677 2025 850 2058 ansam
882 2010 1031 2058 dedit.
1085 2027 1184 2059 non
1215 2013 1386 2075 magni
1409 2011 1569 2073 pendo
1595 2012 1726 2073 quod
1752 2027 1880 2060 com-

182 2083 372 2145 pluries
403 2083 650 2145 particula
682 2100 772 2146 que
794 2086 848 2132 in
871 2080 920 2134 M
944 2085 1184 2134 inusitato
1210 2086 1497 2148 compendio
1523 2087 1710 2148 scripta
1735 2087 1881 2134 omit-

181 2158 321 2206 titur.
375 2174 492 2206 nam
525 2158 738 2206 aliarum
764 2175 961 2221 quoque
985 2175 1164 2208 vocum
1187 2160 1406 2208 defectus
1430 2160 1690 2208 librarium
1713 2161 1878 2224 negle-

182 2232 380 2294 gentiae
421 2234 600 2296 arguit.
662 2233 763 2281 iam
802 2249 918 2282 vero
959 2234 1091 2297 quod
1128 2251 1218 2296 pro
1258 2251 1316 2283 ea
1354 2235 1482 2283 falso
1523 2235 1722 2296 scripsit
1752 2235 1880 2295 quod

180 2305 234 2353 II
268 2309 315 2367 1,
351 2307 453 2354 152
494 2306 580 2354 ubi
619 2307 879 2370 aliquanto
917 2309 1158 2357 remotius
1198 2324 1228 2357 a
1261 2325 1379 2358 voce
1419 2310 1505 2357 tibi
1537 2311 1699 2357 exstat
1729 2309 1782 2356 in
1813 2303 1878 2370 Μ,

259 2434 300 2490 1)
333 2433 395 2476 ad
425 2433 656 2478 familiam
687 2450 720 2492 γ
750 2435 955 2491 pertinet
979 2435 1123 2479 etiam
1145 2437 1334 2492 praeter
1357 2435 1541 2480 codices
1567 2435 1878 2480 Oxoniensem

181 2491 342 2536 D'Orv.
361 2493 403 2535 X
428 2497 524 2548 1‚5‚
544 2498 599 2537 34
632 2496 679 2537 et
706 2494 1074 2551 Neapolitanum
1105 2495 1187 2539 ubi
1216 2494 1239 2538 I
1263 2501 1304 2548 6,
1330 2501 1399 2539 22.
1427 2500 1482 2539 23
1517 2496 1697 2552 desunt,
1732 2494 1877 2541 codex

181 2551 420 2598 Parisinus
446 2556 577 2608 8282,
603 2553 684 2608 qui
710 2569 747 2598 6.
766 2569 810 2611 g.
827 2556 881 2597 ut
906 2569 1046 2611 supra
1072 2555 1294 2598 adnotavi
1314 2555 1378 2598 III
1395 2560 1437 2610 2,
1457 2559 1554 2599 135.
1577 2559 1660 2598 136
1678 2554 1878 2598 eundem

183 2612 425 2655 verborum
465 2612 701 2656 defectum
739 2613 928 2657 exhibet
967 2629 1105 2669 quem
1145 2619 1334 2663 GHIKQ.
1397 2615 1558 2658 eodem
1598 2614 1737 2657 modo
1768 2627 1878 2670 pec-

182 2672 340 2714 catum
372 2673 443 2715 est
474 2672 524 2714 in
556 2672 842 2717 editionibus
866 2673 1078 2730 principe
1102 2676 1162 2730 (a.)
1188 2676 1236 2717 ct
1259 2673 1458 2718 Domitii
1483 2675 1555 2731 (c),
1586 2674 1710 2717 unde
1732 2673 1876 2717 libros

182 2743 238 2774 ex
276 2731 446 2786 quibus
484 2730 597 2776 illae
637 2745 881 2788 expressae
913 2735 1042 2788 sunt,
1080 2736 1128 2777 et
1158 2733 1285 2789 ipsos
1318 2733 1480 2777 6135515
1510 2749 1543 2790 γ
1574 2733 1718 2776 fuisse
1751 2732 1878 2776 evin-

182 2789 316 2834 citur.
385 2804 479 2834 non
516 2791 642 2834 tanti
680 2793 752 2835 est
791 2792 1053 2836 accuratius
1093 2792 1199 2836 illos
1239 2793 1487 2850 indagare,
1531 2792 1679 2836 nolim
1717 2793 1876 2836 tamen

182 2849 399 2893 omittere
431 2865 453 2892 6
483 2851 689 2894 maxima
720 2851 1030 2895 similitudine
1063 2851 1294 2908 adplicari
1326 2853 1387 2896 ad
1419 2851 1628 2897 codicem
1660 2855 1715 2907 Q,
1755 2867 1783 2894 a
1815 2851 1876 2895 ad

182 2908 391 2952 codicem
415 2915 465 2952 K.
516 2925 572 2953 ex
596 2925 617 2953 6
640 2911 816 2967 pendet
839 2912 894 2968 15,
920 2912 1003 2966 qui
1026 2911 1076 2955 in
1099 2912 1220 2956 libro
1244 2917 1279 2955 F
1303 2912 1345 2954 V
1362 2916 1404 2967 5,
1422 2915 1596 2955 22—36
1624 2910 1876 2968 supplevit.
