2034 3126
241 127 319 171 XL
721 158 728 165 .
921 125 1262 171 PRAEFATIO

238 266 349 315 *IV
372 267 527 329 praef.
550 268 641 315 14:
674 281 765 327 quo
797 261 890 316 M1:
923 281 1106 327 quoque
1136 260 1210 315 Μ2

504 341 634 388 *162
666 343 923 402 septimum
952 334 1048 390 Ml:
1079 342 1354 402 septimium
1385 333 1458 389 Μ’

464 409 474 411 ’
492 411 529 479 †
542 416 632 463 19:
665 415 907 464 artissime
936 409 1030 467 M¹:
1063 417 1332 464 arctissime
1362 408 1435 464 Μ2

500 489 631 537 *22;
662 504 858 538 uiuium
887 483 981 538 M¹z
1014 491 1198 538 vicium
1229 482 1303 538 Μ2

318 558 437 627 †IV
465 565 511 626 6,
539 566 630 612 37:
662 563 881 611 Indulsit
895 557 962 662 2(l
999 580 1056 611 ex
1096 556 1143 629 s)
1184 556 1278 612 M¹=
1318 565 1335 612 l
1375 565 1619 626 expuncto
1658 563 1819 612 effecit
1849 564 1937 611 Iu-

668 639 810 686 clusit
840 633 891 686 M

403 711 485 758 *V
513 714 558 773 1,
585 713 641 759 4:
673 715 886 760 moretur
915 705 1010 761 Ml:
1042 715 1252 760 meretur
1281 705 1354 761 Μ2

238 786 417 848 quibus
457 787 578 834 locis
613 786 902 835 asteriscum
934 786 1166 848 adposui,
1206 786 1277 835 eis
1307 786 1387 835 vel
1419 785 1478 833 de
1511 802 1598 835 suo
1630 786 1711 835 vel
1743 802 1801 834 ex
1833 802 1936 834 car·

236 860 454 909 minibus
511 876 779 922 eorumque
826 860 991 908 titulis
1039 860 1434 909 emendationem
1482 859 1691 909 edidisse
1737 860 1938 909 videtur

237 937 496 983 corrector.
561 950 701 983 cruce
744 935 917 983 addita
955 950 1038 983 eos
1076 935 1211 984 locos
1250 934 1423 983 notavi
1457 934 1636 997 quibus
1668 936 1936 999 genuinam

229 1009 495 1058 lectionem
540 1008 626 1056 ille
675 1009 872 1058 delevit.
935 1026 1047 1057 nam
1090 1036 1163 1043 —
1202 1012 1262 1057 ut
1309 1026 1338 1057 a
1377 1009 1559 1058 vilibus
1601 1009 1663 1057 ad
1702 1009 1934 1072 graviora

232 1083 558 1133 ascendamus
580 1111 643 1116 —
667 1084 798 1146 quod
821 1086 952 1133 recte
977 1086 1100 1132 artis
1124 1086 1175 1132 et
1198 1085 1441 1132 artissime
1462 1084 1726 1146 scripserat
1741 1099 1935 1145 semper

232 1158 326 1206 sibi
360 1159 590 1207 constans
622 1158 871 1220 librarius,
904 1160 1077 1208 contra
1109 1158 1290 1206 codicis
1323 1174 1468 1207 usum
1498 1153 1685 1206 formas
1715 1173 1739 1205 c
1760 1158 1935 1206 littera

231 1233 403 1280 auctas
442 1225 515 1281 M‘³
553 1232 825 1282 substituit.
887 1232 940 1280 II
967 1234 1014 1294 3,
1042 1234 1109 1281 29
1151 1235 1397 1294 levamque
1434 1231 1674 1281 traditum
1711 1233 1806 1281 est:
1846 1248 1934 1280 cur

226 1307 372 1355 laeva
389 1323 540 1355 manu
557 1307 649 1355 dea
665 1308 887 1355 iaculum
902 1307 1089 1370 mittat,
1113 1323 1213 1356 non
1229 1307 1403 1370 liquet.
1436 1307 1611 1355 deinde
1627 1306 1679 1355 II
1695 1307 1848 1370 praef.
1862 1308 1933 1355 30

229 1382 538 1430 carissimam
562 1397 772 1430 uxorum
798 1380 989 1430 Statius
1013 1381 1209 1431 Pollam
1233 1380 1370 1430 nullo
1395 1383 1542 1444 pacto
1567 1382 1735 1444 potuit
1763 1380 1932 1444 appel-

228 1455 358 1504 lare:
389 1457 646 1504 rarissima
676 1472 793 1504 vero
820 1458 894 1506 est
918 1472 1125 1505 uxorum
1149 1456 1278 1505 sicut
1302 1455 1348 1501 V
1369 1459 1414 1518 1,
1436 1458 1499 1504 11
1529 1457 1720 1504 laudati
1741 1457 1933 1504 iuvenis

225 1531 487 1579 rarissima
519 1524 749 1597 couiuae1)
783 1533 834 1579 et
863 1531 936 1579 IV
963 1532 1011 1592 8,
1038 1532 1105 1580 32
1138 1532 1371 1579 iuvenum
1401 1532 1668 1579 rarissime.

305 1605 436 1667 quod
467 1621 616 1667 porro
641 1599 714 1654 M2
738 1605 802 1653 ad
825 1605 875 1652 II
896 1607 943 1668 3,
963 1606 992 1653 3
1020 1605 1286 1668 adscripsit
1307 1605 1464 1667 nodis,
1495 1605 1655 1653 metro
1679 1604 1931 1652 laboranti
2032 1627 2034 1631 ¹

226 1681 429 1728 minime
461 1681 704 1728 succurrit
735 1696 894 1742 neque
928 1681 1095 1729 sensui
1126 1682 1299 1743 aptum
1329 1682 1415 1728 est.
1464 1679 1787 1728 falsissimum
1810 1694 1930 1728 vero

228 1755 302 1802 est
327 1754 459 1816 quod
482 1754 557 1801 IV
577 1757 623 1815 6,
643 1755 710 1802 37
737 1756 935 1804 inclusit
957 1754 1106 1803 scribi
1128 1755 1313 1803 voluit:
1345 1755 1567 1803 Indulsit
1587 1754 1733 1802 unice
1757 1769 1929 1802 verum

229 1831 316 1877 est.
379 1828 406 1876 I
451 1830 606 1891 praes.
643 1830 709 1877 35
759 1828 994 1879 leviorem
1040 1829 1304 1878 lectionem
1350 1828 1549 1877 videtur
1595 1828 1811 1877 effecisse
1858 1821 1932 1876 Μ2

227 1902 392 1951 deleta
438 1902 632 1965 syllaba
678 1906 772 1964 foe:
821 1903 1087 1968 genuinam
1135 1904 1361 1966 explosit.
1430 1906 1639 1966 apparet
1684 1902 1815 1950 enim
1863 1905 1932 1950 est

226 2006 359 2069 quod
397 2007 582 2071 legitur
621 2008 735 2056 ante
775 1976 956 2056 valgia
985 2007 1038 2055 in
1070 2008 1341 2070 archetypo
1373 2008 1525 2056 fuisse
1558 2011 1582 2055 ἒ
1614 2007 1747 2069 quod
1779 2022 1868 2069 pro
1901 2011 1929 2054 ὃ

227 2074 321 2147 (=
355 2075 465 2148 cori)
513 2085 802 2144 corruptum
849 2085 945 2130 est:
993 2082 1314 2145 quamobrem
1355 2082 1636 2144 Heinsium,
1685 2081 1772 2143 qui
1819 2095 1927 2128 cou-

225 2157 483 2216 valesceuti
527 2156 772 2218 restituit,
819 2173 993 2205 verum
1039 2157 1222 2206 vidisse
1269 2173 1413 2204 nemo
1459 2155 1677 2219 negabit.
1746 2155 1929 2203 valenti

227 2231 393 2278 autem
434 2230 496 2278 ad
527 2230 771 2278 Rutilium
807 2230 1054 2280 Gallicum
1091 2232 1296 2280 minime
1332 2231 1558 2293 quadrat.
1620 2230 1644 2277 I
1675 2230 1828 2292 praef.
1857 2230 1925 2277 23

226 2307 415 2352 eentum
454 2320 624 2353 versus
663 2304 880 2354 Statium
922 2306 1103 2354 dixisse
1142 2307 1333 2368 primus
1365 2305 1616 2353 Krohnius
1655 2304 1927 2366 perspexit:

224 2379 355 2426 male
378 2379 635 2427 intellecta
660 2379 879 2444 ligatura
902 2384 957 2428 nt
978 2380 1229 2428 nonnullis
1254 2380 1376 2428 locis
1392 2380 1516 2427 mire
1532 2380 1748 2428 formata
1764 2379 1926 2428 locum

223 2452 452 2501 laborare
485 2454 767 2516 corruptela
797 2457 939 2504 ratus
972 2457 1218 2503 corrector
1250 2470 1301 2502 er
1333 2470 1483 2517 supra
1514 2454 1684 2502 vocem
1712 2453 1928 2515 scripsit,

223 2529 281 2574 ut
328 2528 456 2576 esset
503 2531 720 2577 ceterum.
783 2529 995 2592 denique
1041 2530 1099 2577 ut
1143 2529 1291 2576 finem
1338 2530 1582 2577 faciamus
1629 2529 1735 2576 eius
1779 2527 1925 2575 casti—

226 2602 442 2665 gatione,
474 2602 502 2650 I
524 2604 679 2664 praef.
700 2605 766 2651 37
803 2604 1076 2651 domomum
1099 2603 1218 2651 licet
1242 2604 1532 2665 corruptum
1555 2602 1766 2650 necdum
1790 2602 1927 2649 certa

224 2675 419 2724 medela
466 2678 698 2725 sanatum
735 2677 940 2726 minime
981 2677 1151 2726 debuit
1191 2678 1344 2726 deleri
1382 2693 1543 2739 neque
1584 2693 1614 2725 a
1652 2677 1926 2724 correctore

222 2766 382 2812 neque
423 2767 453 2798 a
483 2751 750 2799 Vollmero.
812 2753 960 2814 plane
1001 2753 1131 2800 enim
1165 2753 1446 2801 necessaria
1478 2753 1554 2800 est
1585 2751 1755 2812 aliqua
1785 2751 1926 2798 notio

225 2839 324 2885 qua
369 2824 497 2872 illud
542 2841 763 2874 macrum
811 2827 1126 2874 enuntiatum
1174 2829 1416 2890 augeatur
1461 2840 1621 2887 neque
1670 2824 1757 2886 qui
1797 2823 1925 2871 illud

301 2952 342 3007 1)
375 2965 494 3007 quae
527 2951 811 3010 significatio
844 2953 988 2997 etiam
1020 2953 1070 2996 in
1100 2952 1255 2997 titulis
1285 2952 1532 2997 invenitur.

2028 2618 2034 2742 m.—-
2025 1845 2034 2595 -—..‘.-.-..—-„.-.--.-—„—-—n-—-———
2033 1819 2034 1822 „
