2034 3126
269 32 342 85 90
878 30 930 75 Ρ.
954 30 1159 74 PAPINI
1192 29 1366 74 STATI
1429 85 1434 91 ·

269 169 566 236 planctibus
609 171 660 220 et
698 186 868 236 prono
907 169 1087 220 fusum
1127 187 1283 236 super
1323 169 1503 220 oscula
1539 170 1714 220 vultu!

267 248 357 296 vix
396 245 583 295 famuli
624 246 945 310 comitesque
983 245 1185 310 tenent,
1225 246 1314 294 Vix
1354 243 1546 294 arduus
1586 246 1727 311 ignis

270 321 578 370 summovet.
640 317 783 369 haud
822 318 975 369 aliter
1012 320 1216 385 gemuit
1252 335 1347 385 per
1384 321 1565 368 inania
1602 317 1833 368 Theseus

267 394 446 460 litora,
489 396 580 461 qui
618 393 767 443 falsis
810 392 1081 460 deceperat
1120 390 1300 459 Aegea
1337 393 1482 444 velis,
1884 403 1967 443 180

268 471 395 519 tunc
433 471 663 519 immane
702 485 916 535 gemens
957 466 1303 534 foedatusque
1344 484 1436 518 ora
1473 468 1711 534 tepentes

271 542 480 593 adfatur
519 545 742 593 cineres?

806 614 926 666 ‘cur
963 632 1084 682 nOS,
1123 615 1398 682 fidissime,
1439 616 1638 683 linquis

267 690 506 742 Fortuna
543 689 815 757 redeunte,
854 690 1040 757 pater?
1101 689 1259 741 modo
1297 693 1520 741 numina
1556 692 1739 757 magni

266 765 522 834 praesidis
565 767 721 832 atque
760 764 942 815 breves
984 782 1234 832 superum
1270 765 1594 832 placavimus
1633 767 1762 831 iraS‚

266 858 363 892 nec
401 840 589 891 frueris
630 841 871 907 tantique
912 839 1126 890 orbatus
1165 842 1398 891 muneris
1438 857 1539 890 usu
1885 850 1967 890 185

269 914 334 966 ad
371 932 574 981 manes,
613 916 843 982 ingrate,
883 914 1042 982 fugis,
1102 931 1199 964 nec
1238 913 1443 965 flectere
1483 912 1672 964 Parcas

268 991 360 1041 aut
398 990 606 1057 placare
643 989 813 1040 malae
853 988 1008 1039 datur
1047 1006 1231 1056 aspera
1267 991 1490 1039 numina
1528 987 1755 1039 Lethes?

267 1064 416 1131 felix,
457 1066 541 1115 cui
579 1080 775 1131 magna
812 1065 1017 1131 patrem
1057 1066 1254 1114 cervice
1291 1063 1505 1114 vehenti

269 1156 416 1191 sacra
452 1137 766 1206 Mycenaeae
806 1140 981 1205 patuit
1020 1140 1312 1189 reverentia
1349 1137 1610 1188 fiammae!

269 1217 464 1282 quique
503 1215 651 1264 tener
691 1215 858 1264 saevis
898 1215 1195 1280 genitorem
1235 1210 1413 1280 Scipio
1452 1211 1643 1263 Poenis
1886 1222 1970 1262 190

269 1288 490 1340 abstulit
530 1289 582 1339 et
621 1286 757 1355 Lydi
795 1289 964 1355 pietas
1005 1290 1283 1338 temeraria
1321 1285 1496 1338 Lausi.

269 1380 394 1431 ergo
436 1364 488 1414 et
525 1361 816 1414 Thessalici
856 1365 1087 1413 coniunx
1126 1379 1346 1430 pensare
1384 1363 1563 1412 mariti

267 1438 427 1489 funus
470 1439 521 1488 et
558 1439 818 1488 immitem
857 1438 1035 1504 potuit
1075 1434 1243 1504 Styga
1280 1439 1488 1488 vincere
1530 1435 1753 1503 supplex

267 1511 559 1564 Thracius?
622 1512 723 1563 hoc
763 1514 963 1580 quanto
1002 1512 1190 1562 melius
1231 1528 1328 1578 pro
1368 1514 1517 1578 patre
1555 1511 1756 1561 liceret!

265 1605 378 1639 non
415 1589 560 1638 totus
601 1589 803 1654 rapiere
842 1589 1042 1653 tamen,
1081 1603 1178 1637 nec
1216 1586 1403 1637 funera
1440 1587 1651 1636 mittam
1886 1594 1969 1634 195

266 1662 505 1730 longius3
544 1660 631 1712 hic
669 1679 873 1728 maneS‚
912 1661 999 1712 hic
1037 1663 1179 1711 intra
1217 1663 1356 1712 tecta
1394 1659 1606 1711 tenebo:

266 1739 327 1788 tu
367 1738 543 1787 custos
586 1735 936 1803 dominusque
974 1736 1099 1786 laris
1110 1777 1122 1802 ‚
1162 1735 1262 1786 tibi
1302 1737 1491 1786 cuncta
1529 1736 1743 1786 tuorum

266 1810 550 1879 parebunt3
591 1828 688 1878 ego
729 1813 828 1861 rite
867 1813 1043 1861 minor
1083 1827 1390 1878 semperque
1431 1807 1690 1861 secundus

268 1885 504 1938 assiduas
544 1884 722 1936 libabo
765 1885 921 1952 dapes
963 1887 1014 1936 et
1052 1886 1245 1952 pocula
1284 1887 1443 1936 sacris

266 1960 512 2011 manibus
554 1959 861 2027 effigiesque
902 1960 1093 2011 colam:
1154 1962 1206 2010 te
1245 1959 1420 2010 lucida
1460 1976 1604 2026 saxa,
1883 1968 1968 2008 200

267 2038 319 2086 te
361 2035 588 2087 similem
628 2034 809 2085 doctae
847 2034 1037 2085 referet
1075 2033 1207 2085 mihi
1246 2035 1388 2085 linea
1427 2051 1593 2100 cerae,

266 2127 409 2161 nunc
449 2109 578 2160 ebur
617 2111 669 2160 et
707 2108 915 2160 fulvum
953 2109 1132 2160 vultus
1172 2109 1471 2160 imitabitur
1510 2125 1710 2159 aurum.

266 2184 389 2236 inde
427 2187 569 2235 viam
606 2201 816 2235 morum
855 2184 1150 2252 longaeque
1191 2186 1432 2234 examina
1468 2185 1608 2234 vitae

269 2259 580 2326 adfatusque
619 2261 736 2326 pios
777 2261 1149 2326 monituraque
1190 2261 1395 2310 somnia
1432 2254 1681 2325 poscam.'

379 2333 510 2384 talia
549 2333 808 2385 dicentem
847 2335 1059 2402 genitor
1098 2332 1372 2384 dulcedine
1410 2333 1550 2383 laeta
1885 2342 1969 2382 205
2018 2359 2019 2362 ¹

385 2516 458 2551 17⁹
490 2521 574 2564 per
598 2507 760 2551 inania
785 2508 1074 2552 Bursianus:
1107 2506 1335 2564 periuria:
1367 2520 1452 2563 per
1476 2505 1620 2549 Sunia
1646 2506 1823 2550 Polster
1845 2508 1970 2549 1878

261 2582 310 2624 10-
339 2571 388 2612 6:
428 2567 669 2624 Neptunia
708 2568 908 2625 Saenqer
948 2571 1067 2611 1910
1099 2581 1148 2623 p.
1175 2570 1266 2611 309
1445 2574 1518 2609 180
1556 2565 1736 2609 Litora:
1779 2566 1969 2621 (servato

266 2627 474 2683 periuria
499 2642 537 2671 v.
558 2630 665 2685 179)
689 2626 828 2671 litore
854 2642 901 2676 ς;
928 2626 1076 2671 altera
1100 2627 1471 2672 Sandstroemius
1494 2629 1616 2670 1878
1632 2639 1682 2681 p.
1697 2628 1779 2669 26:
1806 2625 1970 2668 funera

267 2687 468 2745 Saenyer
499 2688 526 2731 l.
554 2687 581 2730 l.
718 2695 790 2730 182
823 2701 904 2730 cur
937 2702 985 2736 3:
1019 2686 1095 2730 cui
1223 2694 1295 2729 189
1326 2685 1585 2729 reverentia
1618 2699 1666 2733 ςε
1699 2684 1910 2727 reventia

267 2755 335 2790 1⁹1
359 2746 478 2802 Lydi
504 2761 550 2796 3:
576 2746 693 2790 lichi
717 2748 801 2803 (vel
822 2746 946 2805 lidii)
1039 2754 1109 2789 201
1134 2759 1267 2789 cerae
1293 2760 1340 2794 ςε
1368 2744 1495 2789 c&r&
1521 2747 1698 2802 (caerae
1722 2745 1969 2788 seeundum

267 2806 520 2862 Souterum,
553 2807 631 2850 sed
661 2807 719 2860 cf.
744 2808 855 2863 207)
957 2805 1042 2849 Te:
1075 2819 1199 2849 nunc
1232 2806 1284 2849 ci.
1311 2805 1511 2863 Saenyer
1601 2812 1675 2846 202
1707 2802 1886 2847 fulvum
1919 2818 1967 2852 ς;

266 2864 451 2908 fuulum
541 2874 616 2908 204
646 2865 977 2921 monituraque
1010 2881 1052 2909 c:
1084 2865 1404 2921 morituraque
