2034 3126
439 91 784 139 PRAEFATIO
815 90 1123 137 EDITIONIS
1153 91 1451 138 ALTERJUS
1564 93 1795 140 LXXXIX

100 253 247 286 scere.
292 250 408 285 nam
441 235 485 283 si
514 250 605 296 pro
636 248 783 281 versu
814 233 1030 296 quodam
1059 249 1235 282 rasura
1261 233 1314 281 in
1338 234 1504 283 codice
1528 235 1697 298 aliquo
1720 235 1794 283 in-

98 313 351 372 veniatur,
394 310 642 358 neminem
686 307 999 372 philologum
1045 323 1242 357 versum
1289 307 1454 357 deesse
1502 310 1798 372 simmiciter

95 388 398 435 testaturam
429 383 675 443 existimo,
705 382 791 431 sed
822 382 1041 431 deletum
1074 397 1191 431 esse.
1238 383 1410 446 itaque
1443 382 1662 448 Saenger
1693 385 1794 434 alia

92 461 286 509 ratione
316 460 439 507 item
470 456 667 519 assequi
698 456 880 505 studet.
942 459 1092 519 putat
1121 457 1254 505 enim
1286 457 1311 505 I
1335 459 1386 518 4,
1412 458 1507 506 86⁸
1536 460 1590 506 in
1620 459 1795 508 Matri·

92 535 248 584 tensis
287 532 581 595 exemplaris
612 532 837 594 margine
870 532 1154 594 suppletum
1186 531 1359 594 fuisse,
1398 531 1483 580 sed
1513 535 1690 595 postea
1719 551 1794 582 re·

94 613 296 658 sectum.
356 609 525 656 tamen
572 622 632 654 ne
670 605 764 654 hoc
805 605 1005 669 quidem
1043 605 1245 669 probari
1283 608 1460 668 potest.
1523 607 1799 672 neglegunt

94 685 227 731 enim
259 681 343 746 qui
376 682 446 730 sic
476 680 859 742 ratiocinantur,
890 679 1023 743 quod
1055 681 1159 728 alia
1190 682 1272 729 via
1296 681 1568 730 certissime
1592 681 1797 730 demon-

94 760 307 807 stratum
346 759 445 818 est,
481 756 827 803 Matritensem
866 770 970 804 esse
1008 754 1191 803 librum
1225 771 1255 803 a
1286 755 1476 820 Poggio
1508 756 1562 804 in
1592 756 1797 805 Italiam

96 847 317 880 missum.

169 922 296 968 quae
333 919 413 954 res
450 908 511 952 ut
542 903 605 951 ab
638 903 773 952 omni
803 902 1115 952 dubitatione
1146 906 1340 954 remota
1370 906 1459 968 sit,
1499 905 1691 953 factum
1723 908 1800 955 est

93 981 271 1029 merito
287 978 434 1028 Pauli
450 977 752 1039 Thielscher,
776 978 863 1041 qui
886 980 1120 1027 strenuus
1143 994 1280 1027 meae
1305 980 1580 1029 sententiae
1598 980 1800 1030 adiutor

94 1056 268 1105 evasit.
330 1054 374 1102 is
416 1054 549 1101 enim
591 1051 755 1102 Silvas
793 1052 1134 1115 Matritenses,
1182 1070 1307 1116 quae
1347 1069 1480 1103 nunc
1519 1058 1798 1117 sequuntur

92 1130 379 1191 Manilium,
418 1131 568 1176 antea
606 1143 719 1175 cum
751 1125 876 1176 Silio
917 1127 1206 1177 coniunctas
1241 1128 1396 1178 fuisse
1427 1130 1564 1178 certa
1594 1145 1797 1193 compu-

94 1206 285 1253 tatione
317 1201 693 1252 demonstravit.
731 1197 863 1250 'nam
896 1217 1007 1251 cum
1040 1201 1208 1252 Silvae
1240 1204 1455 1266 scriptae
1487 1204 1589 1253 sint
1619 1204 1734 1252 inde
1767 1221 1797 1253 a

92 1279 215 1328 folio
253 1293 385 1327 nono
423 1276 634 1325 alicuius
674 1276 911 1338 senionis,
960 1276 1101 1325 cuius
1141 1277 1264 1326 folia
1303 1281 1414 1328 octo
1455 1279 1801 1327 antecedentia

92 1355 283 1403 resecta
314 1355 431 1402 sunt
462 1345 548 1418 (cf.
566 1366 717 1414 supra
756 1348 984 1418 p.V111),
1019 1350 1213 1414 Silium,
1244 1352 1286 1401 si
1318 1353 1488 1402 eadem
1520 1355 1715 1403 ratione
1740 1370 1799 1403 ac

94 1428 262 1477 Silvae
291 1427 505 1490 scriptus
529 1429 651 1487 erat,
683 1426 909 1474 seniones
932 1426 1192 1476 duodecim
1217 1430 1268 1475 et
1290 1428 1415 1476 folia
1440 1430 1551 1477 octo
1577 1428 1799 1491 explesse

94 1518 286 1552 summa
334 1517 446 1550 cum
491 1499 847 1564 probabilitate
896 1503 1091 1549 statuit.
1159 1503 1261 1550 iam
1309 1502 1493 1551 Silium
1538 1519 1640 1551 una
1687 1519 1800 1552 cum

96 1577 251 1627 Silvis
297 1577 349 1624 in
387 1576 592 1625 Italiam
638 1575 846 1624 missum
893 1592 951 1623 ex
990 1575 1100 1638 ipsa
1138 1576 1315 1641 Poggii
1356 1578 1575 1640 epistula
1614 1579 1799 1627 scimus

94 1646 342 1718 (cf.p.V),
374 1653 524 1714 atque
557 1649 729 1699 eadem
762 1650 1011 1714 scriptura
1042 1667 1141 1714 qua
1167 1651 1329 1701 Silvas
1362 1655 1620 1701 exaratum
1643 1652 1798 1702 fuisse

93 1727 415 1791 cognoscitur
437 1741 497 1773 ex
519 1725 583 1774 iis
609 1741 736 1788 quae
762 1741 912 1787 supra
937 1726 1178 1775 adnotata
1201 1729 1318 1775 sunt
1339 1744 1387 1790 p.
1403 1726 1633 1776 LXXVI:
1657 1726 1800 1776 dubi·

92 1802 192 1850 tari
223 1800 401 1864 nequit
431 1799 552 1863 quin
583 1804 783 1864 praeter
805 1800 1069 1849 Manilium
1096 1800 1247 1850 Silius
1281 1817 1476 1865 quoque
1509 1818 1622 1851 cum
1648 1801 1801 1851 Silvis

93 1875 474 1926 Matritensibus
505 1875 753 1939 quondam
788 1875 1078 1925 coniunctus
1111 1878 1231 1927 erat.

169 1966 297 2014 quae
337 1965 449 1999 cum
488 1949 563 1999 ita
593 1950 716 2012 sint,
754 1951 1025 2000 tenendum
1057 1954 1133 2000 est
1161 1946 1213 2001 Μ
1245 1966 1350 2001 esse
1381 1951 1550 2015 ipsum
1581 1952 1800 2001 codicem

92 2025 425 2091 Poggianum.
486 2024 657 2088 itaque
698 2025 785 2088 qui
815 2016 1072 2090 negamus*
1084 2026 1328 2075 Politiani
1359 2028 1504 2076 notas
1537 2042 1595 2075 ex
1626 2026 1800 2075 Matri-

92 2102 249 2150 tensis
306 2099 578 2162 exemplari
624 2114 728 2149 esse
775 2103 1023 2163 sumptae,
1077 2115 1177 2149 non
1223 2101 1403 2149 leviter
1447 2102 1802 2166 impugnamus

0 2193 2 2212 ὲ
93 2174 333 2224 Politiani
366 2175 428 2223 de
459 2189 605 2224 versu
635 2174 660 2222 I
685 2176 736 2235 4,
761 2176 856 2224 86⁸
886 2175 1245 2238 testimonium,
1277 2175 1362 2224 sed
1392 2176 1546 2225 innisi
1578 2175 1801 2225 eiusdem

95 2249 156 2298 de
197 2251 273 2299 sui
308 2249 426 2299 libri
458 2249 651 2314 origine
681 2248 986 2312 testimoniO,
1018 2265 1148 2314 quae
1179 2252 1409 2316 pugnant
1439 2251 1572 2299 inter
1602 2266 1652 2300 se
1686 2266 1798 2300 con-

97 2324 266 2373 ciliare
306 2323 577 2374 studemus,
640 2339 828 2374 errasse
867 2326 1036 2374 autem
1067 2324 1374 2374 Politianum
1410 2327 1462 2373 in
1495 2325 1655 2374 altera
1685 2327 1804 2374 utra

96 2415 148 2447 re
181 2402 371 2448 certum
403 2402 502 2449 est:
536 2401 626 2448 aut
655 2414 755 2448 non
786 2414 906 2449 usus
939 2402 1015 2449 est
1046 2399 1211 2449 codice
1245 2415 1275 2448 a
1306 2399 1497 2464 Poggio
1521 2400 1574 2447 in
1598 2399 1803 2448 Italiam

96 2474 247 2523 misso
287 2477 375 2523 aut
413 2474 473 2523 de
512 2488 657 2522 versu
695 2471 723 2522 I
747 2475 796 2535 4,
823 2475 918 2524 86·
956 2490 1054 2523 non
1095 2477 1226 2524 recte
1262 2475 1476 2523 rettulit.
1540 2489 1651 2523 cum
1683 2490 1801 2523 vero

94 2547 224 2597 illud
265 2548 308 2598 si
347 2548 715 2613 negaverimus,
752 2547 806 2596 in
845 2548 1004 2599 multo
1035 2549 1249 2599 maiores
1281 2548 1604 2598 difficultates
1635 2549 1803 2611 impli-

97 2638 288 2684 cemur,
327 2638 419 2688 ego
460 2638 590 2672 nunc
623 2622 757 2672 malo
790 2639 902 2672 cum
933 2623 1250 2674 Thielschero
1283 2626 1526 2686 statuere,
1565 2624 1623 2671 de
1657 2639 1803 2672 versu

97 2697 188 2745 illo
219 2697 350 2747 falsa
380 2698 567 2746 referri.
626 2713 753 2761 quae
784 2699 952 2761 opinio
985 2714 1084 2747 non
1117 2698 1239 2747 adeo
1271 2698 1516 2747 mirabilis
1550 2701 1636 2747 est.
1685 2713 1802 2746 nam

101 2771 334 2821 similiter
358 2772 665 2837 Scaligerum
697 2772 777 2821 vel
810 2773 918 2822 eius
951 2776 1203 2822 auctorem
1236 2773 1297 2822 de
1330 2789 1477 2822 versu
1510 2773 1724 2835 quodam
1749 2774 1804 2821 in

99 2846 265 2895 codice
311 2847 589 2895 Maniliano
643 2846 685 2896 G
733 2850 957 2897 exstante
1005 2848 1187 2896 falsum
1233 2848 1576 2897 testimonium
1623 2846 1803 2896 dixisse

100 2919 388 2971 Thielscher
425 2923 620 2970 monuit
658 2937 748 2971 nec
786 2938 882 2972 non
919 2922 1317 2987 Lindenbrogius
1356 2924 1407 2971 in
1449 2922 1600 2972 simili
1639 2936 1803 2971 errore
