2034 3126
240 129 361 173 LXX
916 126 1258 172 PRAEFATIO

242 270 344 333 legi
384 270 436 316 in
471 268 763 318 Gorsiniano
797 269 1068 331 exemplari
1098 271 1242 316 notas
1275 269 1427 316 etiam
1459 271 1656 330 praeter
1686 268 1940 329 Politiani,

243 344 331 406 qui
363 343 545 391 librum
576 345 743 406 ipsum
774 343 1018 402 viderunt,
1051 342 1234 390 diserte
1265 344 1517 390 testantur
1546 343 1644 391 viri
1674 343 1821 392 docti,
1881 344 1940 392 de

241 418 268 466 I
303 420 349 479 1,
387 409 588 466 lO'‘iam
619 418 770 466 verba
802 418 911 478 feci,
942 417 1062 465 item
1094 417 1153 464 de
1183 417 1261 464 III
1295 417 1342 478 5,
1377 418 1460 466 21.
1521 420 1712 465 restant
1743 420 1942 479 praeter

240 494 387 541 notas
420 508 480 540 ex
512 492 725 540 Domitii
756 491 972 539 editione
1004 492 1189 554 petitas
1221 491 1337 539 hae:

379 566 406 614 Ι
442 570 488 627 1,
524 567 615 615 54;
646 565 862 613 mutabit
894 561 960 614 A:
993 565 1207 613 mutavit
1239 560 1354 614 Mac

401 643 448 702 2,
485 641 612 688 123:
644 641 928 704 Augustum
958 634 1026 688 A:
1060 639 1344 702 Augustum
1374 634 1492 689 Mac

482 715 611 762 267:
643 717 821 778 regant
851 709 920 763 A:
952 714 1124 777 legant
1154 708 1270 762 Mac

438 791 486 852 3,
519 791 610 837 41:
643 791 757 836 tuta
788 784 857 837 A:
889 790 998 836 tota
1030 782 1150 837 Mae

523 865 613 911 74:
647 863 912 911 Tiberinus
943 858 1011 912 A:
1044 862 1311 911 Tiburinus
1344 872 1397 911 a:
1431 862 1679 911 Tiburnus
1711 859 1802 912 Mc.

243 939 303 986 de
348 938 442 986 hoc
487 939 595 986 loco
644 939 833 986 certum
877 937 1117 985 iudicium
1160 937 1279 985 ferri
1317 937 1508 998 nequit.
1580 937 1770 986 duabus
1811 939 1943 986 enim

240 1012 521 1061 rationibus
554 1012 688 1074 quod
718 1013 772 1059 in
805 1022 838 1060 a
867 1011 1127 1075 legebatur
1156 1012 1429 1060 correctum
1453 1014 1540 1059 est.
1597 1012 1696 1060 alio
1721 1015 1942 1075 tempore

240 1089 293 1135 in
339 1103 458 1135 voce
506 1088 750 1135 tibicinas
796 1089 815 1134 i
863 1088 1161 1148 expunctum
1201 1087 1297 1145 est,
1344 1085 1443 1133 alio
1485 1100 1508 1133 e
1547 1102 1694 1148 super
1731 1089 1869 1149 prius
1909 1103 1943 1134 u

241 1163 426 1223 scripto
452 1162 688 1210 tiberinus
713 1161 939 1209 effectum
964 1163 1051 1209 est.
1106 1161 1341 1222 quoniam
1364 1163 1603 1222 punctum
1629 1177 1727 1222 quo
1751 1163 1770 1210 i
1793 1162 1944 1224 pelle-

240 1236 392 1283 batur
416 1252 440 1282 e
465 1238 606 1284 textu
629 1236 777 1284 facile
800 1235 981 1297 aliquis
999 1236 1166 1297 potuit
1182 1235 1456 1298 neglegere,
1480 1236 1716 1283 tiberinus
1732 1238 1943 1298 postea

243 1312 409 1359 ortum
443 1326 547 1359 esse
580 1311 869 1358 censuerim.
932 1311 1063 1357 certe
1096 1310 1227 1357 falsa
1258 1310 1540 1357 coniectura
1573 1313 1661 1358 est.

522 1386 611 1432 76:
646 1386 906 1446 abiunyere
937 1379 1005 1433 A:
1039 1385 1304 1444 adianyere
1334 1378 1451 1433 Mae

485 1461 613 1508 102:
646 1460 788 1523 tollas
819 1454 887 1508 A:
920 1459 1046 1507 tollis
1076 1453 1194 1508 Mac

412 1594 414 1596 η
440 1536 488 1593 4,
526 1535 615 1581 71:
648 1549 745 1594 qua
776 1529 844 1582 A:
877 1548 1060 1594 qnoque
1090 1527 1208 1582 Mac

316 1608 370 1655 Π
404 1609 450 1668 6,
488 1610 614 1656 103:
646 1609 811 1667 fileton
841 1602 909 1656 A:
933 1609 1131 1668 pyleton
1163 1617 1248 1656 ac:
1272 1608 1458 1667 pileton
1489 1601 1539 1656 Μ

361 1681 414 1730 II
450 1685 477 1730 7
512 1683 614 1731 tit:
647 1683 714 1730 ad
743 1683 935 1730 Pollam
966 1677 1034 1731 A:
1068 1683 1133 1729 ad
1167 1681 1375 1742 Oppiam
1408 1676 1563 1730 LMae

327 1756 407 1804 III
441 1758 488 1816 3,
523 1758 615 1805 40:
644 1758 806 1818 yemai
836 1751 904 1805 A:
933 1758 1116 1817 yemini
1145 1751 1217 1805 M:
1247 1758 1494 1817 yeminam
1527 1766 1590 1806 ac

329 1831 407 1878 III
442 1833 488 1892 3,
522 1833 615 1879 47:
647 1832 924 1892 famulatur
954 1826 1022 1879 A:
1054 1831 1366 1890 famulantur
1395 1825 1498 1880 Mo:
1530 1833 1829 1880 simulantur
1861 1843 1892 1881 a

489 1907 615 1954 176:
652 1906 824 1954 Tereos
855 1901 924 1954 A:
959 1906 1165 1953 Thereos
1195 1899 1311 1954 Mae

322 1979 370 2026 V
403 1982 450 2041 2,
487 1982 614 2028 141:
647 1979 866 2040 Accipiet
895 1975 964 2028 A:
996 1978 1224 2038 Accipiat
1252 1974 1357 2028 Mc:
1389 1978 1616 2039 Aspiciat
1646 1990 1678 2029 a

486 2056 614 2103 142:
648 2055 921 2103 caledonios
951 2050 1019 2103 A:
1052 2054 1320 2102 calidonios
1351 2049 1467 2103 Mac

487 2129 615 2178 157:
647 2130 785 2177 nobis
816 2123 884 2178 A:
917 2129 1050 2176 vobis
1082 2123 1198 2177 Mac

404 2205 451 2264 3,
486 2205 615 2252 237:
648 2218 816 2252 versas
846 2198 915 2252 A:
947 2217 1123 2251 rursus
1155 2213 1208 2251 a:
1241 2217 1413 2250 cursus
1443 2197 1525 2252 Mc

245 2277 414 2326 omnia
438 2279 560 2326 haec
584 2278 924 2326 coniecturam
938 2277 1161 2325 redolere
1178 2277 1325 2325 facile
1341 2277 1679 2339 unusquisque
1697 2276 1944 2324 concedet.

321 2353 425 2399 iam
464 2354 745 2400 statuamus
786 2352 996 2401 eundem
1037 2366 1140 2400 esse
1179 2351 1363 2399 librum
1402 2346 1451 2400 M
1492 2354 1542 2398 et
1579 2347 1647 2401 A:
1694 2352 1813 2398 tunc
1852 2350 1944 2398 Po-

243 2425 479 2474 litianum
527 2430 858 2475 correctorum
906 2437 970 2478 m⁴
1005 2428 1148 2474 notas
1197 2426 1421 2489 cognitas
1468 2426 1702 2474 habuisse
1749 2440 1945 2473 necesse

245 2503 333 2548 est.
398 2503 547 2562 atque
581 2501 778 2549 exhibet
809 2517 982 2549 revera
1013 2500 1039 2548 I
1073 2502 1118 2562 2,
1156 2501 1259 2548 103
1295 2496 1336 2548 A
1371 2501 1599 2548 Finierat
1625 2521 1691 2538 =
1716 2511 1783 2561 m,
1813 2499 1864 2546 ΙΙ
1901 2504 1946 2559 1,

247 2577 316 2622 78
357 2570 403 2624 Α
436 2590 684 2634 quererere
709 2597 778 2614 =
804 2586 877 2637 m,
918 2575 969 2622 II
1003 2576 1048 2635 6,
1085 2577 1153 2624 10
1185 2569 1232 2624 A
1262 2588 1375 2622 urse
1402 2596 1467 2612 ==
1495 2586 1568 2638 m,
1607 2573 1684 2621 III
1719 2577 1764 2635 1,
1801 2574 1865 2621 16
1900 2568 1946 2622 Α

244 2651 420 2697 ditavit
445 2671 513 2687 =
539 2661 613 2710 m,
652 2651 709 2696 ut
748 2651 979 2711 spiritum
1017 2665 1246 2711 asperum
1278 2649 1358 2696 hic
1390 2649 1495 2697 illic
1528 2665 1557 2697 a
1589 2647 1943 2696 correctoribus

247 2723 476 2771 additum
525 2726 776 2786 omittam,
826 2724 914 2771 ubi
959 2719 1006 2772 A
1053 2724 1238 2771 formas
1286 2739 1315 2771 a
1361 2723 1530 2771 littera
1575 2724 1605 2769 h
1652 2722 1944 2783 incipientes

247 2799 488 2860 agnoscit.
549 2798 601 2846 II
628 2800 674 2862 3,
703 2801 771 2846 10
804 2794 880 2847 A*
913 2799 1122 2846 adnotat
1154 2798 1217 2845 ad
1246 2797 1512 2845 lectionem
1544 2800 1587 2845 et
1617 2790 1711 2862 (sic
1743 2806 1795 2857 ἃς
1830 2797 1946 2843 haee

247 2867 300 2937 (3)
351 2889 375 2920 e
416 2872 670 2936 Poggiano
717 2874 852 2920 haec:
902 2876 945 2920 et
981 2867 1051 2921 Ml
1102 2873 1322 2933 scripsit,
1370 2872 1485 2920 haec
1534 2883 1581 2919 m
1629 2872 1681 2917 in
1721 2872 1944 2933 margine

249 2946 454 2994 addidit.
525 2947 642 2995 lieet
683 2948 840 3009 igitur
878 2949 983 2995 veri
1023 2947 1332 2994 simillimum
1371 2946 1601 2995 videatur
1639 2944 1945 2993 Politianum
