2034 3126
250 127 480 177 LXXXIV
599 128 943 173 PRAEFATIO
975 128 1284 174 EDITIONIS
1316 131 1614 176 ALTERIUS

252 274 477 322 curiosus
503 297 590 330 —,
623 270 708 319 sed
738 271 812 317 ita
844 271 1011 331 potius
1042 272 1100 317 ut
1130 271 1450 320 festinantius
1473 272 1554 320 hic
1577 272 1682 320 illic
1705 273 1951 334 quaedam

245 347 515 413 delibaret,
548 361 699 407 quam
730 343 850 393 data
881 359 1030 406 opera
1062 359 1250 393 errores
1281 344 1475 393 librarii
1506 347 1802 395 emendaret.

326 420 606 469 Politianus
639 418 858 467 codicem
890 434 920 465 a
949 414 1140 482 Poggio
1174 435 1198 466 e
1232 417 1398 468 Gallia
1427 421 1481 467 in
1503 421 1707 469 Italiam
1738 422 1951 470 allatum

240 509 303 545 †se
335 495 563 544 manibus
594 496 763 541 tenere
795 491 1065 552 contendit,
1098 508 1245 555 quem
1276 495 1540 557 antiquum
1570 495 1650 543 vel
1681 498 1951 556 vetustum,

239 571 405 620 semel
436 568 835 618 vetustissimum
867 567 1004 628 dicit,
1035 584 1210 630 nempe
1243 567 1576 630 antiquiorem
1608 569 1834 618 omnibus
1867 572 1952 632 qui

251 648 305 693 in
336 644 488 692 Italia
518 646 636 690 tunc
669 641 1156 691 circumferebantur..
1205 657 1350 704 quem
1373 642 1556 690 librum
1582 641 1775 692 Gallica
1798 660 1952 692 manu

254 720 497 781 scriptum
522 733 626 765 esse
651 718 880 778 testatur,
910 716 957 764 h.
977 731 1015 763 e.
1034 716 1320 764 litteratura
1342 717 1396 764 in
1419 717 1571 765 Italia
1593 717 1696 766 illis
1719 720 1954 780 tempori-

241 791 346 842 'bus
371 809 470 841 non
493 791 698 851 usitata,
724 806 874 852 quam
892 789 1136 838 Gallicam
1161 790 1284 839 dicit
1306 794 1570 854 propterea
1595 792 1728 854 quod
1753 792 1903 840 codex
1928 809 1953 840 e

246 867 425 917 Gallia
441 869 493 915 in
505 865 709 914 Italiam
726 865 967 928 migrasse
980 864 1248 913 dicebatur.
1276 881 1394 914 cave
1404 868 1573 914 autem
1581 865 1955 930 Karolingicam

254 943 556 1005 scripturam
587 940 661 988 ita
687 939 931 1002 appellari
956 938 1220 987 credideris
1245 966 1318 973 —-
1340 940 1394 988 id
1419 941 1551 1002 quod
1573 942 1681 1002 ipse
1706 941 1955 1003 quondam

255 1016 445 1066 credidi
481 1032 570 1062 —:
604 1031 722 1073 eam⁴
745 1013 878 1061 enim
908 1013 1167 1076 antiquam
1199 1015 1496 1077 scripturam
1526 1015 1898 1078 nuncupabant.

329 1091 483 1140 codex
530 1091 616 1151 qui
663 1089 716 1135 in
755 1087 992 1136 Politiani
1038 1087 1267 1136 manibus
1305 1088 1620 1150 versabatur,
1666 1089 1955 1137 dimidiatus

254 1169 378 1228 erat,
409 1167 442 1214 i.
460 1165 513 1212 in
542 1165 664 1212 duas
687 1164 856 1225 partes
882 1162 1084 1223 divisus,
1116 1178 1214 1210 non
1239 1163 1517 1225 mutilatus,
1548 1165 1604 1210 ut
1628 1164 1779 1228 vulgo
1804 1165 1955 1212 inter-

254 1241 534 1304 pretantur.
580 1239 750 1300 itaque
782 1253 880 1284 non
911 1236 1095 1284 librum
1127 1237 1374 1298 quendam
1398 1239 1719 1300 antiquitatis
1743 1239 1956 1301 speciem

253 1332 379 1378 prae
412 1330 462 1363 se
494 1314 733 1361 ferentem
766 1313 964 1373 situque
996 1311 1199 1359 adesum
1231 1327 1281 1360 se
1313 1311 1545 1361 habuisse
1577 1314 1792 1362 testatur
1822 1313 1958 1361 Poli-

249 1390 447 1451 tianus,
480 1387 564 1436 sed
596 1387 655 1434 de
688 1387 870 1435 codicis
902 1387 1066 1433 aetate
1100 1387 1299 1435 omnino
1330 1386 1403 1434 nil
1434 1402 1524 1435 nos
1555 1387 1712 1435 docet.

332 1463 640 1512 Matritensis
673 1461 825 1510 codex
857 1460 977 1523 quin
1008 1476 1108 1508 non
1138 1462 1191 1507 in
1214 1460 1365 1508 Italia
1397 1461 1610 1523 scriptus
1641 1461 1722 1523 sit,
1754 1462 1838 1510 sed
1867 1462 1957 1510 ali-

250 1540 386 1587 unde
417 1538 600 1587 allatus
612 1529 671 1603 ¹),
702 1535 922 1583 dubitari
945 1551 1045 1584 non
1068 1535 1170 1582 iam
1193 1534 1330 1583 licet:
1365 1536 1423 1584 cf.
1442 1535 1684 1584 Asconius
1716 1535 1789 1584 ed.
1808 1535 1957 1584 Clark

252 1631 303 1676 p.
321 1613 473 1661 XXX.
519 1613 572 1659 in
597 1610 768 1659 eodem
794 1609 1039 1671 quaedam
1063 1609 1308 1673 Poggium
1331 1611 1492 1658 veloci
1514 1626 1666 1658 manu
1690 1611 1956 1659 correxisse

252 1690 448 1736 *certum
496 1690 570 1734 est
617 1680 702 1752 (cf.
743 1700 893 1746 supra
938 1700 985 1746 p.
1011 1677 1319 1751 XLVH1)2).
1368 1686 1539 1747 itaque
1588 1685 1631 1733 si
1677 1684 1956 1734 Politianus

251 1762 476 1812 codicem
515 1761 575 1810 ab
616 1760 703 1808 illo
742 1761 795 1806 in
830 1758 1035 1807 Italiam
1073 1758 1277 1807 missum
1310 1786 1382 1792 —
1415 1759 1548 1822 quod
1587 1759 1799 1807 allatum
1837 1760 1959 1808 dicit

252 1854 308 1886 se
331 1853 437 1885 rem
461 1836 650 1884 nescire
673 1833 862 1882 indicat
871 1826 914 1900 3)
941 1859 1014 1866 —
1036 1832 1264 1881 manibus
1289 1834 1467 1895 tenuit,
1490 1833 1798 1882 Matritensis
1825 1834 1957 1897 apud
2032 1846 2034 1853 ¹

252 1929 372 1960 eum
402 1911 514 1958 fuit.
567 1909 701 1972 quod
731 1911 788 1955 ut
819 1910 953 1957 certo
986 1909 1216 1971 cognosci
1245 1908 1418 1970 possit,
1451 1907 1810 1970 comparandae
1843 1912 1959 1957 sunt
2028 1934 2034 1978 ¹2

251 1989 406 2035 znotae
440 2001 470 2033 a
492 1983 743 2033 Politiano
776 1998 834 2031 ex
864 1982 993 2030 libro
1018 1981 1275 2045 Poggiano
1308 1979 1496 2045 petitae
1525 1998 1636 2031 cum
1659 1982 1958 2031 Matritensi.
2027 1981 2034 2027 2

252 2061 348 2109 has
396 2062 540 2109 notas
588 2057 857 2107 secundum
903 2056 1103 2105 tabulas
1146 2057 1534 2120 Zangemeisteri
1571 2058 1811 2106 instinctu
1852 2060 1960 2105 arte

253 2133 654 2199 photographica
701 2146 953 2194 expressas
1001 2130 1157 2178 edidit
1196 2131 1581 2195 Engelmannus.
1643 2148 1749 2179 rem
1793 2133 1960 2180 autem
2020 2147 2024 2151 ’

257 2211 420 2273 ipsam
460 2210 583 2257 satis
623 2207 889 2270 diligenter
927 2205 1127 2255 videtur
1162 2205 1461 2268 instituisse,
1499 2209 1668 2254 tamen
1708 2221 1820 2254 cum
1857 2222 1959 2268 qua

258 2285 454 2333 ratione
478 2283 758 2332 Politianus
791 2282 1028 2329 lectiones
1062 2279 1293 2328 editionis
1323 2280 1563 2344 principis
1596 2291 1629 2330 a
1655 2281 1960 2342 correxisset,
2018 2283 2019 2287 ’

255 2360 480 2408 indicare
534 2356 890 2419 supersederit,
951 2370 1325 2417 nonnumquam
1378 2356 1430 2403 in
1482 2354 1630 2404 dubio
1688 2370 1961 2415 versamur,

260 2433 383 2497 quid
420 2448 593 2480 revera
632 2447 690 2478 ex
721 2446 808 2478 suo
842 2429 1007 2478 codice
1038 2429 1126 2478 ille
1155 2430 1382 2478 testetur.
1438 2429 1576 2478 velut
1606 2429 1684 2477 III
1710 2432 1756 2493 1,
1784 2430 1854 2478 60
1885 2431 1962 2478 he-

259 2510 440 2557 cateias
485 2507 539 2554 in
587 2516 619 2554 a
666 2507 828 2553 exstat
874 2499 1020 2571 (item
1065 2505 1118 2551 in
1166 2497 1241 2570 (3);
1289 2504 1636 2567 superscripsit
1680 2503 1960 2553 Politianus

340 2608 381 2661 1)
413 2609 457 2647 M
489 2617 546 2648 ex
577 2603 771 2658 antiquo
798 2601 919 2646 libro
943 2601 1280 2658 transcriptum
1304 2615 1405 2646 esse
1429 2604 1574 2659 negat
1595 2601 1960 2658 Engelmannus.
2013 2597 2016 2603 ’

262 2666 346 2710 sed
379 2666 651 2722 argumenta
688 2662 787 2706 eius
819 2661 888 2705 nil
918 2661 1089 2705 valent.

339 2727 382 2782 2)
416 2724 473 2769 cf.
498 2723 620 2767 Berl.
645 2721 813 2766 Philol.
838 2720 1003 2765 Woch.
1031 2724 1146 2764 1910
1177 2735 1223 2776 p.
1250 2723 1514 2766 925—927.

339 2787 382 2841 3)
421 2797 572 2839 neque
612 2781 737 2826 enim
768 2780 974 2839 Poggius
1013 2781 1053 2823 si
1093 2779 1266 2824 codicis
1307 2779 1456 2836 ipsius
1490 2779 1783 2836 adipiscendi
1815 2778 1960 2823 facul·

262 2846 412 2888 tatem
449 2841 715 2896 habuisset,
756 2855 861 2886 eum
901 2841 960 2884 ab
997 2839 1188 2884 indocto
1219 2839 1412 2883 librario
1444 2837 1850 2884 transcribendum
1883 2852 1960 2882 cu·
2011 2866 2031 2875 «-

263 2907 426 2948 rasset.
474 2904 636 2957 itaque
669 2916 723 2946 eo
756 2901 882 2956 quod
911 2901 999 2944 hoc
1022 2900 1150 2955 fecit,
1184 2899 1399 2954 efficitur,
1431 2902 1485 2943 ut
1507 2899 1609 2955 ipse
1631 2897 1713 2942 ille
1739 2898 1959 2954 antiquus
2011 2903 2029 2953 ‚j

265 2965 412 3008 codex
443 2963 493 3006 in
523 2961 739 3006 Helvetia
771 2961 982 3017 repertus
1014 2960 1157 3016 Alpes
1189 2974 1282 3004 non
1314 2958 1616 3016 superaverit.

2028 1863 2034 1929 ἐ
