2034 3126
679 36 991 82 SILVARUM
1021 37 1072 82 L.
1096 36 1156 93 V,
1179 42 1206 81 2
1681 36 1785 90 147

91 175 276 228 Hister
314 178 367 227 et
403 174 655 228 umbroso
695 173 1003 227 circumflua
1040 177 1267 243 coniuge
1305 173 1510 226 Peuce?

93 269 162 302 an
202 249 481 318 Solymum
519 252 747 301 cinerem
783 250 1119 318 palmetaque
1159 251 1314 317 capta
1352 248 1555 301 subibis

91 343 202 377 non
242 324 345 376 sibi
382 324 560 376 felices
601 324 761 376 silvas
799 326 1048 392 ponentis
1087 322 1335 392 Idymes?

93 399 236 467 quod
275 402 322 451 si
358 402 412 451 te
448 415 645 467 magno
683 398 844 450 tellus
884 397 1091 450 frenata
1126 399 1337 467 parenti
1703 410 1790 450 140

92 476 339 542 accipiat,
378 474 638 541 quantum
675 472 818 524 ferus
859 472 1119 524 exultabit
1155 470 1380 524 Araxes!

91 550 292 617 quanta
330 545 644 600 Caledonios
684 547 895 599 attollet
933 547 1109 615 gloria
1146 548 1384 615 campos!

92 640 213 675 cum
250 622 351 674 tibi
388 622 680 690 longaevus
720 621 910 673 referet
948 624 1113 674 trucis
1152 622 1330 674 incola
1367 623 1557 674 terrae:

93 696 206 749 ‘hic
246 699 427 748 suetus
467 695 590 748 dare
626 698 745 747 iura
780 714 972 764 parens
981 737 995 763 ,
1035 696 1137 748 hoc
1176 698 1405 765 caespite
1442 698 1644 748 turmas

90 770 283 839 adfari3
320 772 426 822 late
466 770 706 839 speculas
746 771 1067 839 castellaque
1105 771 1266 839 longe
1706 782 1793 822 145

92 876 162 882 -—
203 845 432 914 aspicis?
471 875 543 881 —
581 845 675 896 ille
721 844 865 896 dedit
904 847 1175 914 cinxitque
1213 844 1341 897 haec
1379 847 1589 897 moenia
1626 844 1794 912 fossa3

90 920 362 989 belligeris
400 919 530 972 haec
568 918 709 972 dona
746 918 878 986 deis,
917 919 1046 971 haec
1084 920 1191 971 tela
1230 919 1425 971 dicavit

91 1025 163 1031 —
196 997 365 1046 cernis
405 993 576 1046 adhuc
612 994 801 1046 titulos
834 1014 928 1062 -ς
967 993 1110 1046 hunc
1139 997 1255 1062 ipse
1286 993 1598 1046 vocantibus
1632 997 1792 1046 armis

89 1068 287 1137 induit,
326 1069 470 1121 hunc
507 1072 621 1137 regi
659 1070 840 1137 rapuit
875 1069 1094 1121 thoraca
1130 1067 1435 1121 Britanno'.

92 1145 321 1213 qualiter
356 1146 416 1195 in
453 1142 683 1196 Teucros
723 1145 961 1195 victricia
996 1143 1139 1195 bella
1175 1145 1387 1212 paranti
1708 1155 1792 1195 150

90 1221 339 1287 ignotum
377 1217 584 1286 Pyrrho
623 1216 863 1270 Phoenix
900 1217 1152 1270 narrabat
1189 1215 1469 1270 Achillem.

202 1293 354 1359 felix,
393 1295 486 1361 qui
523 1291 681 1344 viridi
719 1291 909 1360 fidem,
951 1291 1165 1362 optate,
1204 1294 1419 1345 iuventa

92 1366 308 1419 durabis
348 1384 707 1436 quascumque
745 1370 857 1419 vias
896 1368 1203 1436 vallumque
1243 1366 1468 1434 subibis,

91 1442 272 1494 forsan
313 1444 365 1493 et
401 1444 517 1510 ipse
554 1442 695 1494 latus
735 1472 806 1477 -—
848 1445 923 1494 sic
960 1445 1183 1494 numina
1219 1443 1476 1510 principis
1514 1439 1691 1493 adsint
1723 1471 1793 1476 —

93 1519 296 1569 cinctus
337 1518 390 1568 et
427 1519 668 1568 unanimi
707 1534 880 1569 comes
919 1515 1214 1568 indefessus
1255 1518 1431 1583 amici,
1709 1528 1794 1567 155

93 1609 199 1660 quo
239 1589 465 1659 Pylades
506 1609 568 1643 ex
605 1608 752 1643 more
791 1594 935 1659 pius,
976 1608 1081 1660 quo
1121 1589 1370 1642 Dardana
1407 1592 1575 1659 gessit

90 1665 234 1718 bella
269 1664 643 1718 Menoetiades.
706 1669 903 1734 quippe
941 1665 1070 1717 haec
1110 1664 1392 1718 concordia
1429 1663 1602 1732 vobis,

91 1739 179 1792 hic
218 1757 367 1792 amor
405 1743 486 1792 est
524 1739 779 1810 duretque
818 1742 1025 1809 precor!
1086 1758 1185 1792 nos
1225 1740 1416 1792 fortior
1454 1741 1596 1791 aetas

211 1923 282 1959 187
324 1914 540 1960 umbroso
579 1916 654 1972 (cf.
684 1917 731 1959 Σ
756 1916 910 1973 Apoll.
936 1916 1085 1961 Rhod.
1111 1916 1195 1960 IV
1212 1918 1302 1960 310
1337 1911 1683 1971 Ἐρατοσθένης
1709 1948 1718 1957 .
1746 1948 1756 1958 .
1784 1948 1793 1957 .

93 1981 239 2033 νῆσον
269 1971 394 2021 εἶναι
425 1975 476 2021 ἐν
505 1978 571 2019 τῶ
593 1973 752 2035 Ἴστρῳ
785 1975 899 2032 φησὶ
928 1972 1172 2032 τρίγωνον,
1206 1972 1486 2035 ἄτηνῬόδῳ,
1521 1972 1577 2031 ἣν
1602 1973 1794 2029 Πεύκην

91 2036 214 2093 λέγει
243 2034 326 2079 διὰ
356 2033 409 2080 τὸ
441 2022 614 2087 πολίὰς
640 2034 765 2094 ἔχειν
786 2034 1003 2091 πεύκας);
1036 2035 1216 2079 1111ᾶο00
1240 2035 1489 2089 Avantius,
1520 2033 1677 2092 vulyo:
1710 2047 1796 2076 un-

94 2093 260 2139 disono
288 2095 486 2153 Saenyer
574 2094 726 2139 Peuce
758 2110 806 2144 5:
839 2106 990 2152 pauce
1080 2103 1151 2138 188
1184 2094 1423 2151 Solymum
1457 2108 1500 2139 o:
1532 2091 1734 2138 solidum

93 2161 168 2199 140
195 2167 370 2212 magno
402 2170 451 2205 ς;
483 2168 655 2212 magne
766 2162 834 2197 141
867 2153 1084 2211 Accipiat
1115 2155 1189 2210 (cf.
1216 2155 1312 2208 15,
1338 2155 1437 2211 60):
1472 2151 1673 2210 accipiet
1706 2154 1793 2197 Po-

93 2214 290 2260 titianus
379 2223 450 2258 148
468 2213 746 2259 Caledonios
760 2214 1045 2260 Pontianus:
1065 2212 1326 2259 calidonios
1416 2220 1487 2256 145
1504 2211 1601 2256 late
1624 2212 1797 2256 Waller

94 2276 217 2320 1886
241 2288 292 2332 p.
310 2277 391 2320 52:
423 2273 572 2319 vitae:
604 2273 776 2319 Vintae
806 2276 875 2320 vel
901 2273 1084 2318 Ventae
1108 2274 1309 2320 Euisius
1340 2275 1530 2330 189211.
1548 2275 1630 2317 24:
1666 2270 1796 2316 Vetti

94 2333 273 2380 Puluer-
304 2338 425 2379 1890
446 2348 499 2391 p.
523 2337 583 2379 17
592 2351 603 2379 z
643 2333 758 2378 vicis
791 2334 1047 2379 Baehrens:
1089 2333 1237 2379 victor
1267 2333 1539 2378 Daviesiust
1570 2330 1710 2376 viden
1741 2332 1797 2374 ut

95 2391 412 2439 Roeheteinius
428 2396 548 2439 1890
556 2408 608 2451 p.
618 2397 728 2439 510:
745 2395 874 2438 tutas
889 2393 991 2440 Otto
1006 2396 1183 2450 1887p.
1195 2396 1305 2447 5433
1323 2405 1432 2436 rura
1449 2390 1620 2449 (vicum
1629 2390 1795 2446 Slater)

94 2464 123 2498 0
151 2453 346 2511 specula
376 2453 697 2499 Phillimoriue
835 2452 1051 2511 speculas
1083 2468 1131 2503 ςε
1166 2451 1377 2510 specula:
1410 2466 1506 2496 -am
1537 2451 1737 2509 Saenyer

95 2511 384 2569 “stellaque
415 2512 580 2558 1001100
610 2514 666 2559 σί.
691 2512 891 2572 Saenyer
1027 2522 1100 2557 148
1132 2511 1407 2558 vocantibus
1439 2510 1683 2556 Heinsius:
1719 2523 1795 2554 va·

95 2571 333 2618 cantibus:
359 2572 626 2618 vetantibus
643 2571 948 2619 Schwartzius
965 2576 1088 2618 1885
1101 2587 1149 2630 p.
1163 2576 1220 2619 13
1243 2571 1405 2629 (armis
1429 2570 1487 2614 ab
1505 2582 1660 2614 armus
1678 2569 1795 2614 deri-

94 2635 226 2689 vans)
346 2640 419 2675 140
449 2630 644 2678 thoraca
673 2632 723 2689 (h
752 2646 897 2691 supra
927 2647 967 2678 v.
992 2632 1077 2688 1¹)
1195 2640 1267 2676 ιω
1297 2629 1509 2675 victricia
1541 2631 1669 2687 (quia
1698 2629 1798 2675 sine

96 2690 279 2752 Pyrrho
320 2692 458 2737 Troia
488 2693 595 2750 capi
623 2705 717 2738 non
740 2694 931 2750 potatio:
965 2691 1154 2737 ultricia
1178 2692 1416 2737 Baehrens
1440 2693 1560 2735 1873
1578 2703 1625 2747 p.
1644 2692 1735 2733 261

94 2750 282 2856 guanti
318 2752 581 2798 morellius:
617 2751 827 2821 parentis
978 2759 1049 2795 1⁶8
1081 2750 1255 2856 Ofitate
1287 2764 1404 2796 nom.
1426 2762 1583 2807 propr.
1610 2748 1797 2807 agnovit

144 2811 326 2857 orthius
431 2820 503 2856 1⁸⁸
534 2810 715 2857 subibis
745 2812 957 2868 (alterum
980 2811 1011 2856 b
1035 2826 1092 2857 ex
1173 2811 1257 2868 κ’)
1361 2818 1430 2854 107
1464 2807 1580 2854 haec
1613 2822 1656 2853 o:
1690 2809 1737 2852 et

97 2870 349 2917 concordia
380 2886 427 2922 ςε
462 2870 623 2916 cordia

1440 2943 1525 2989 10·
