<?xml version="1.0" encoding="UTF-8"?>
<!DOCTYPE html PUBLIC "-//W3C//DTD XHTML 1.0 Transitional//EN"
    "http://www.w3.org/TR/xhtml1/DTD/xhtml1-transitional.dtd">
<html xmlns="http://www.w3.org/1999/xhtml" xml:lang="en" lang="en">
 <head>
  <title>
</title>
<meta http-equiv="Content-Type" content="text/html;charset=utf-8" />
  <meta name='ocr-system' content='tesseract 3.04.00' />
  <meta name='ocr-capabilities' content='ocr_page ocr_carea ocr_par ocr_line ocrx_word'/>
</head>
<body>
  <div class='ocr_page' id='page_1' title='image "./ppapinistatisilv00statuoft_0032.png"; bbox 0 0 2034 3126; ppageno 0'>
   <div class='ocr_carea' id='block_1_1' title="bbox 219 102 1235 149">
    <p class='ocr_par' dir='ltr' id='par_1_1' title="bbox 219 102 1235 149">
     <span class='ocr_line' id='line_1_1' title="bbox 219 102 1235 149; baseline 0 -1"><span class='ocrx_word' id='word_1_1' title='bbox 219 104 410 149; x_wconf 89' lang='lat' dir='ltr'>XXVIII</span> <span class='ocrx_word' id='word_1_2' title='bbox 893 102 1235 148; x_wconf 81' lang='lat' dir='ltr'>PRAEFATIO</span> 
     </span>
    </p>
   </div>
   <div class='ocr_carea' id='block_1_2' title="bbox 219 244 1916 308">
    <p class='ocr_par' dir='ltr' id='par_1_2' title="bbox 219 244 1916 308">
     <span class='ocr_line' id='line_1_2' title="bbox 219 244 1916 308; baseline 0.002 -16"><span class='ocrx_word' id='word_1_3' title='bbox 219 244 438 293; x_wconf 87' lang='lat' dir='ltr'>difficilis</span> <span class='ocrx_word' id='word_1_4' title='bbox 467 244 601 292; x_wconf 92' lang='lat' dir='ltr'>lectu</span> <span class='ocrx_word' id='word_1_5' title='bbox 633 245 701 292; x_wconf 90' lang='lat' dir='ltr'>sit</span> <span class='ocrx_word' id='word_1_6' title='bbox 724 244 875 292; x_wconf 83' lang='lat' dir='ltr'><strong>codex</strong></span> <span class='ocrx_word' id='word_1_7' title='bbox 897 244 1204 293; x_wconf 84' lang='lat' dir='ltr'>Matritensis</span> <span class='ocrx_word' id='word_1_8' title='bbox 1230 247 1452 308; x_wconf 88' lang='lat' dir='ltr'>apparet.</span> <span class='ocrx_word' id='word_1_9' title='bbox 1507 245 1758 295; x_wconf 90' lang='lat' dir='ltr'>Krohnius</span> <span class='ocrx_word' id='word_1_10' title='bbox 1784 249 1916 296; x_wconf 90' lang='lat' dir='ltr'>enim</span> 
     </span>
    </p>
   </div>
   <div class='ocr_carea' id='block_1_3' title="bbox 219 319 1954 383">
    <p class='ocr_par' dir='ltr' id='par_1_3' title="bbox 219 319 1954 383">
     <span class='ocr_line' id='line_1_3' title="bbox 219 319 1954 383; baseline 0.002 -17"><span class='ocrx_word' id='word_1_11' title='bbox 219 320 438 380; x_wconf 73' lang='lat' dir='ltr'>biotaque</span> <span class='ocrx_word' id='word_1_12' title='bbox 475 319 718 380; x_wconf 88' lang='lat' dir='ltr'>scriptum</span> <span class='ocrx_word' id='word_1_13' title='bbox 757 333 860 367; x_wconf 90' lang='lat' dir='ltr'>esse</span> <span class='ocrx_word' id='word_1_14' title='bbox 898 320 1139 379; x_wconf 88' lang='lat' dir='ltr'>testatur,</span> <span class='ocrx_word' id='word_1_15' title='bbox 1175 319 1229 366; x_wconf 91' lang='lat' dir='ltr'>id</span> <span class='ocrx_word' id='word_1_16' title='bbox 1264 319 1396 382; x_wconf 89' lang='lat' dir='ltr'>quod</span> <span class='ocrx_word' id='word_1_17' title='bbox 1429 321 1478 367; x_wconf 91' lang='lat' dir='ltr'>et</span> <span class='ocrx_word' id='word_1_18' title='bbox 1508 320 1633 367; x_wconf 90' lang='lat' dir='ltr'>mihi</span> <span class='ocrx_word' id='word_1_19' title='bbox 1662 321 1919 383; x_wconf 86' lang='lat' dir='ltr'>probatur,</span> <span class='ocrx_word' id='word_1_20' title='bbox 1949 355 1954 359; x_wconf 88' lang='lat'><em>-</em></span> 
     </span>
    </p>
   </div>
   <div class='ocr_carea' id='block_1_4' title="bbox 213 390 1922 2980">
    <p class='ocr_par' dir='ltr' id='par_1_4' title="bbox 215 390 1922 1271">
     <span class='ocr_line' id='line_1_4' title="bbox 220 390 1920 458; baseline 0.002 -18"><span class='ocrx_word' id='word_1_21' title='bbox 220 392 462 441; x_wconf 86' lang='lat' dir='ltr'>Souterus</span> <span class='ocrx_word' id='word_1_22' title='bbox 504 408 622 440; x_wconf 91' lang='lat' dir='ltr'>vero</span> <span class='ocrx_word' id='word_1_23' title='bbox 671 392 894 453; x_wconf 77' lang='lat' dir='ltr'>luotaque</span> <span class='ocrx_word' id='word_1_24' title='bbox 924 392 1061 456; x_wconf 85' lang='lat' dir='ltr'>legit.</span> <span class='ocrx_word' id='word_1_25' title='bbox 1132 408 1246 440; x_wconf 91' lang='lat' dir='ltr'>cum</span> <span class='ocrx_word' id='word_1_26' title='bbox 1285 390 1574 442; x_wconf 90' lang='lat' dir='ltr'>Oxoniensis</span> <span class='ocrx_word' id='word_1_27' title='bbox 1608 395 1657 458; x_wconf 60' lang='lat' dir='ltr'>bl</span> <span class='ocrx_word' id='word_1_28' title='bbox 1693 396 1920 456; x_wconf 80' lang='lat' dir='ltr'>luotaque</span> 
     </span>
     <span class='ocr_line' id='line_1_5' title="bbox 218 466 1917 529; baseline 0.002 -15"><span class='ocrx_word' id='word_1_29' title='bbox 218 467 471 528; x_wconf 89' lang='lat' dir='ltr'>exhibeat,</span> <span class='ocrx_word' id='word_1_30' title='bbox 512 466 708 514; x_wconf 87' lang='lat' dir='ltr'>videtur</span> <span class='ocrx_word' id='word_1_31' title='bbox 737 466 952 515; x_wconf 84' lang='lat' dir='ltr'>haesisse</span> <span class='ocrx_word' id='word_1_32' title='bbox 981 467 1237 528; x_wconf 88' lang='lat' dir='ltr'>librarius,</span> <span class='ocrx_word' id='word_1_33' title='bbox 1269 469 1438 514; x_wconf 90' lang='lat' dir='ltr'>utrum</span> <span class='ocrx_word' id='word_1_34' title='bbox 1467 468 1753 529; x_wconf 86' lang='lat' dir='ltr'>praeferret.</span> <span class='ocrx_word' id='word_1_35' title='bbox 1815 470 1917 517; x_wconf 91' lang='lat' dir='ltr'>iam</span> 
     </span>
     <span class='ocr_line' id='line_1_6' title="bbox 217 540 1918 605; baseline 0.002 -17"><span class='ocrx_word' id='word_1_36' title='bbox 217 543 278 588; x_wconf 90' lang='lat' dir='ltr'>ut</span> <span class='ocrx_word' id='word_1_37' title='bbox 303 541 366 589; x_wconf 90' lang='lat' dir='ltr'>ad</span> <span class='ocrx_word' id='word_1_38' title='bbox 388 541 537 589; x_wconf 91' lang='lat' dir='ltr'>finem</span> <span class='ocrx_word' id='word_1_39' title='bbox 561 540 920 588; x_wconf 72' lang='lat' dir='ltr'>demonstratio</span> <span class='ocrx_word' id='word_1_40' title='bbox 943 543 1217 603; x_wconf 89' lang='lat' dir='ltr'>perveniat,</span> <span class='ocrx_word' id='word_1_41' title='bbox 1246 541 1369 589; x_wconf 90' lang='lat' dir='ltr'>duos</span> <span class='ocrx_word' id='word_1_42' title='bbox 1393 542 1525 590; x_wconf 91' lang='lat' dir='ltr'>locos</span> <span class='ocrx_word' id='word_1_43' title='bbox 1549 544 1712 591; x_wconf 87' lang='lat' dir='ltr'>tracto</span> <span class='ocrx_word' id='word_1_44' title='bbox 1739 544 1918 605; x_wconf 87' lang='lat' dir='ltr'>quibus</span> 
     </span>
     <span class='ocr_line' id='line_1_7' title="bbox 221 614 1916 676; baseline 0.002 -13"><span class='ocrx_word' id='word_1_45' title='bbox 221 631 408 664; x_wconf 90' lang='lat' dir='ltr'>errores</span> <span class='ocrx_word' id='word_1_46' title='bbox 448 614 644 663; x_wconf 88' lang='lat' dir='ltr'>librarii</span> <span class='ocrx_word' id='word_1_47' title='bbox 675 630 731 662; x_wconf 91' lang='lat' dir='ltr'>eo</span> <span class='ocrx_word' id='word_1_48' title='bbox 763 616 873 662; x_wconf 90' lang='lat' dir='ltr'>nati</span> <span class='ocrx_word' id='word_1_49' title='bbox 903 617 1040 675; x_wconf 87' lang='lat' dir='ltr'>sunt,</span> <span class='ocrx_word' id='word_1_50' title='bbox 1081 615 1213 676; x_wconf 90' lang='lat' dir='ltr'>quod</span> <span class='ocrx_word' id='word_1_51' title='bbox 1242 616 1296 662; x_wconf 94' lang='lat' dir='ltr'>in</span> <span class='ocrx_word' id='word_1_52' title='bbox 1329 615 1500 663; x_wconf 90' lang='lat' dir='ltr'>charta</span> <span class='ocrx_word' id='word_1_53' title='bbox 1532 616 1712 665; x_wconf 91' lang='lat' dir='ltr'>codicis</span> <span class='ocrx_word' id='word_1_54' title='bbox 1743 618 1916 666; x_wconf 87' lang='lat' dir='ltr'>Matri-</span> 
     </span>
     <span class='ocr_line' id='line_1_8' title="bbox 218 685 1917 753; baseline 0.002 -17"><span class='ocrx_word' id='word_1_55' title='bbox 218 690 373 738; x_wconf 90' lang='lat' dir='ltr'>tensis</span> <span class='ocrx_word' id='word_1_56' title='bbox 415 689 659 751; x_wconf 82' lang='lat' dir='ltr'>quaedam</span> <span class='ocrx_word' id='word_1_57' title='bbox 699 691 814 736; x_wconf 92' lang='lat' dir='ltr'>sunt</span> <span class='ocrx_word' id='word_1_58' title='bbox 849 689 1158 751; x_wconf 73' lang='lat' dir='ltr'>asperitates.</span> <span class='ocrx_word' id='word_1_59' title='bbox 1220 689 1267 735; x_wconf 92' lang='lat' dir='ltr'><strong>V</strong></span> <span class='ocrx_word' id='word_1_60' title='bbox 1301 691 1348 750; x_wconf 88' lang='lat'>3,</span> <span class='ocrx_word' id='word_1_61' title='bbox 1383 692 1485 738; x_wconf 84' lang='grc'>151</span> <span class='ocrx_word' id='word_1_62' title='bbox 1520 685 1562 738; x_wconf 96' lang='lat' dir='ltr'><strong>F</strong></span> <span class='ocrx_word' id='word_1_63' title='bbox 1593 691 1725 739; x_wconf 92' lang='lat' dir='ltr'>inter</span> <span class='ocrx_word' id='word_1_64' title='bbox 1753 693 1917 753; x_wconf 90' lang='lat' dir='ltr'>ipsum</span> 
     </span>
     <span class='ocr_line' id='line_1_9' title="bbox 218 757 1920 831; baseline 0.001 -19"><span class='ocrx_word' id='word_1_65' title='bbox 218 763 528 812; x_wconf 87' lang='lat' dir='ltr'>scribendum</span> <span class='ocrx_word' id='word_1_66' title='bbox 568 764 842 823; x_wconf 77' lang='lat' dir='ltr'>siculusque</span> <span class='ocrx_word' id='word_1_67' title='bbox 878 780 938 811; x_wconf 91' lang='lat' dir='ltr'>ex</span> <span class='ocrx_word' id='word_1_68' title='bbox 966 764 1226 824; x_wconf 76' lang='lat' dir='ltr'>siculisque</span> <span class='ocrx_word' id='word_1_69' title='bbox 1257 764 1418 812; x_wconf 88' lang='lat' dir='ltr'>effecit</span> <span class='ocrx_word' id='word_1_70' title='bbox 1450 757 1493 831; x_wconf 72' lang='lat' dir='ltr'>(i</span> <span class='ocrx_word' id='word_1_71' title='bbox 1524 768 1798 814; x_wconf 88' lang='lat' dir='ltr'>correctum</span> <span class='ocrx_word' id='word_1_72' title='bbox 1829 768 1920 827; x_wconf 85' lang='lat' dir='ltr'>est,</span> 
     </span>
     <span class='ocr_line' id='line_1_10' title="bbox 218 830 1922 904; baseline 0.002 -19"><span class='ocrx_word' id='word_1_73' title='bbox 218 839 490 900; x_wconf 89' lang='lat' dir='ltr'>antequam</span> <span class='ocrx_word' id='word_1_74' title='bbox 513 853 542 898; x_wconf 77' lang='lat' dir='ltr'>q</span> <span class='ocrx_word' id='word_1_75' title='bbox 566 830 904 904; x_wconf 83' lang='lat' dir='ltr'>scriberetur).</span> <span class='ocrx_word' id='word_1_76' title='bbox 950 837 1004 885; x_wconf 93' lang='lat' dir='ltr'>in</span> <span class='ocrx_word' id='word_1_77' title='bbox 1019 838 1302 885; x_wconf 89' lang='lat' dir='ltr'>Matritensi</span> <span class='ocrx_word' id='word_1_78' title='bbox 1327 841 1494 886; x_wconf 88' lang='lat' dir='ltr'>autem</span> <span class='ocrx_word' id='word_1_79' title='bbox 1519 838 1733 888; x_wconf 84' lang='lat' dir='ltr'>dilucide</span> <span class='ocrx_word' id='word_1_80' title='bbox 1758 842 1922 888; x_wconf 88' lang='lat' dir='ltr'>exstat</span> 
     </span>
     <span class='ocr_line' id='line_1_11' title="bbox 215 911 1918 977; baseline 0.001 -16"><span class='ocrx_word' id='word_1_81' title='bbox 215 913 515 973; x_wconf 74' lang='lat' dir='ltr'>siculusque,</span> <span class='ocrx_word' id='word_1_82' title='bbox 555 911 643 960; x_wconf 89' lang='lat' dir='ltr'>sed</span> <span class='ocrx_word' id='word_1_83' title='bbox 680 927 828 974; x_wconf 89' lang='lat' dir='ltr'>super</span> <span class='ocrx_word' id='word_1_84' title='bbox 867 912 1082 960; x_wconf 87' lang='lat' dir='ltr'>alterum</span> <span class='ocrx_word' id='word_1_85' title='bbox 1111 928 1146 960; x_wconf 91' lang='lat' dir='ltr'>u</span> <span class='ocrx_word' id='word_1_86' title='bbox 1175 912 1229 959; x_wconf 92' lang='lat' dir='ltr'>in</span> <span class='ocrx_word' id='word_1_87' title='bbox 1260 913 1432 961; x_wconf 86' lang='lat' dir='ltr'>charta</span> <span class='ocrx_word' id='word_1_88' title='bbox 1462 929 1588 977; x_wconf 89' lang='lat' dir='ltr'>ruga</span> <span class='ocrx_word' id='word_1_89' title='bbox 1620 916 1797 977; x_wconf 88' lang='lat' dir='ltr'>exigua</span> <span class='ocrx_word' id='word_1_90' title='bbox 1829 917 1918 977; x_wconf 88' lang='lat' dir='ltr'>est,</span> 
     </span>
     <span class='ocr_line' id='line_1_12' title="bbox 218 984 1915 1049; baseline 0.002 -15"><span class='ocrx_word' id='word_1_91' title='bbox 218 1003 317 1049; x_wconf 89' lang='lat' dir='ltr'>qua</span> <span class='ocrx_word' id='word_1_92' title='bbox 351 988 509 1035; x_wconf 90' lang='lat' dir='ltr'>altera</span> <span class='ocrx_word' id='word_1_93' title='bbox 538 987 685 1034; x_wconf 89' lang='lat' dir='ltr'>hasta</span> <span class='ocrx_word' id='word_1_94' title='bbox 715 984 915 1034; x_wconf 88' lang='lat' dir='ltr'>litterae</span> <span class='ocrx_word' id='word_1_95' title='bbox 945 1002 981 1034; x_wconf 93' lang='lat' dir='ltr'>u</span> <span class='ocrx_word' id='word_1_96' title='bbox 1011 986 1174 1034; x_wconf 89' lang='lat' dir='ltr'>deleta</span> <span class='ocrx_word' id='word_1_97' title='bbox 1207 1002 1310 1036; x_wconf 90' lang='lat' dir='ltr'>esse</span> <span class='ocrx_word' id='word_1_98' title='bbox 1342 986 1604 1035; x_wconf 90' lang='lat' dir='ltr'>videbatur</span> <span class='ocrx_word' id='word_1_99' title='bbox 1630 988 1835 1036; x_wconf 90' lang='lat' dir='ltr'>librario</span> <span class='ocrx_word' id='word_1_100' title='bbox 1859 984 1915 1038; x_wconf 82' lang='lat' dir='ltr'>F.</span> 
     </span>
     <span class='ocr_line' id='line_1_13' title="bbox 218 1056 1918 1125; baseline 0.001 -16"><span class='ocrx_word' id='word_1_101' title='bbox 218 1061 452 1110; x_wconf 90' lang='lat' dir='ltr'>similiter</span> <span class='ocrx_word' id='word_1_102' title='bbox 490 1060 536 1106; x_wconf 91' lang='lat' dir='ltr'><strong>V</strong></span> <span class='ocrx_word' id='word_1_103' title='bbox 570 1062 618 1121; x_wconf 87' lang='lat'>3,</span> <span class='ocrx_word' id='word_1_104' title='bbox 653 1061 757 1109; x_wconf 85' lang='lat'>287</span> <span class='ocrx_word' id='word_1_105' title='bbox 791 1077 918 1124; x_wconf 86' lang='lat' dir='ltr'>ruga</span> <span class='ocrx_word' id='word_1_106' title='bbox 950 1061 1164 1123; x_wconf 90' lang='lat' dir='ltr'>quadam</span> <span class='ocrx_word' id='word_1_107' title='bbox 1198 1063 1422 1110; x_wconf 89' lang='lat' dir='ltr'>exstante</span> <span class='ocrx_word' id='word_1_108' title='bbox 1451 1063 1505 1108; x_wconf 92' lang='lat' dir='ltr'>in</span> <span class='ocrx_word' id='word_1_109' title='bbox 1535 1056 1586 1110; x_wconf 87' lang='lat' dir='ltr'><strong><em>M</em></strong></span> <span class='ocrx_word' id='word_1_110' title='bbox 1617 1063 1749 1110; x_wconf 85' lang='lat' dir='ltr'>infra</span> <span class='ocrx_word' id='word_1_111' title='bbox 1778 1065 1918 1125; x_wconf 90' lang='lat' dir='ltr'>prius</span> 
     </span>
     <span class='ocr_line' id='line_1_14' title="bbox 215 1135 1920 1186; baseline 0.001 -3"><span class='ocrx_word' id='word_1_112' title='bbox 215 1136 234 1183; x_wconf 95' lang='lat' dir='ltr'>l</span> <span class='ocrx_word' id='word_1_113' title='bbox 286 1136 421 1184; x_wconf 92' lang='lat' dir='ltr'>vocis</span> <span class='ocrx_word' id='word_1_114' title='bbox 467 1135 746 1183; x_wconf 76' lang='lat' dir='ltr'>simillimus</span> <span class='ocrx_word' id='word_1_115' title='bbox 789 1135 917 1183; x_wconf 90' lang='lat' dir='ltr'>hanc</span> <span class='ocrx_word' id='word_1_116' title='bbox 962 1136 1185 1183; x_wconf 87' lang='lat' dir='ltr'>litteram</span> <span class='ocrx_word' id='word_1_117' title='bbox 1231 1135 1445 1183; x_wconf 86' lang='lat' dir='ltr'>deletam</span> <span class='ocrx_word' id='word_1_118' title='bbox 1492 1151 1596 1185; x_wconf 88' lang='lat' dir='ltr'>esse</span> <span class='ocrx_word' id='word_1_119' title='bbox 1646 1137 1920 1186; x_wconf 86' lang='lat' dir='ltr'>arbitratus</span> 
     </span>
     <span class='ocr_line' id='line_1_15' title="bbox 216 1209 719 1271; baseline -0.006 -12"><span class='ocrx_word' id='word_1_120' title='bbox 216 1210 476 1258; x_wconf 68' lang='lat' dir='ltr'>sunillmus</span> <span class='ocrx_word' id='word_1_121' title='bbox 508 1209 719 1271; x_wconf 83' lang='lat' dir='ltr'>scripsit.</span> 
     </span>
    </p>

    <p class='ocr_par' dir='ltr' id='par_1_5' title="bbox 213 1278 1919 1792">
     <span class='ocr_line' id='line_1_16' title="bbox 293 1278 1916 1348; baseline 0.001 -17"><span class='ocrx_word' id='word_1_122' title='bbox 293 1300 351 1331; x_wconf 89' lang='lat' dir='ltr'>ex</span> <span class='ocrx_word' id='word_1_123' title='bbox 390 1283 517 1331; x_wconf 89' lang='lat' dir='ltr'>libro</span> <span class='ocrx_word' id='word_1_124' title='bbox 557 1283 842 1331; x_wconf 89' lang='lat' dir='ltr'>Matritensi</span> <span class='ocrx_word' id='word_1_125' title='bbox 872 1278 913 1332; x_wconf 88' lang='lat' dir='ltr'><strong>F</strong></span> <span class='ocrx_word' id='word_1_126' title='bbox 955 1298 1060 1331; x_wconf 90' lang='lat' dir='ltr'>esse</span> <span class='ocrx_word' id='word_1_127' title='bbox 1098 1285 1458 1346; x_wconf 84' lang='lat' dir='ltr'>transcriptum</span> <span class='ocrx_word' id='word_1_128' title='bbox 1488 1286 1590 1333; x_wconf 90' lang='lat' dir='ltr'>iam</span> <span class='ocrx_word' id='word_1_129' title='bbox 1622 1285 1800 1347; x_wconf 88' lang='lat' dir='ltr'>opinor</span> <span class='ocrx_word' id='word_1_130' title='bbox 1830 1301 1916 1348; x_wconf 89' lang='lat' dir='ltr'>ap-</span> 
     </span>
     <span class='ocr_line' id='line_1_17' title="bbox 215 1358 1917 1420; baseline 0.001 -13"><span class='ocrx_word' id='word_1_131' title='bbox 215 1360 398 1420; x_wconf 88' lang='lat' dir='ltr'>paruit.</span> <span class='ocrx_word' id='word_1_132' title='bbox 467 1360 634 1405; x_wconf 89' lang='lat' dir='ltr'>tamen</span> <span class='ocrx_word' id='word_1_133' title='bbox 681 1374 834 1405; x_wconf 90' lang='lat' dir='ltr'>unum</span> <span class='ocrx_word' id='word_1_134' title='bbox 877 1359 1035 1406; x_wconf 89' lang='lat' dir='ltr'>restat</span> <span class='ocrx_word' id='word_1_135' title='bbox 1073 1358 1205 1420; x_wconf 90' lang='lat' dir='ltr'>quod</span> <span class='ocrx_word' id='word_1_136' title='bbox 1242 1374 1492 1407; x_wconf 91' lang='lat' dir='ltr'>moneam:</span> <span class='ocrx_word' id='word_1_137' title='bbox 1541 1360 1672 1408; x_wconf 90' lang='lat' dir='ltr'>solas</span> <span class='ocrx_word' id='word_1_138' title='bbox 1713 1359 1917 1408; x_wconf 87' lang='lat' dir='ltr'>alterius</span> 
     </span>
     <span class='ocr_line' id='line_1_18' title="bbox 214 1425 1919 1498; baseline 0.001 -18"><span class='ocrx_word' id='word_1_139' title='bbox 214 1448 391 1480; x_wconf 89' lang='lat' dir='ltr'>manus</span> <span class='ocrx_word' id='word_1_140' title='bbox 425 1434 730 1480; x_wconf 89' lang='lat' dir='ltr'>correcturas</span> <span class='ocrx_word' id='word_1_141' title='bbox 756 1425 874 1498; x_wconf 76' lang='lat' dir='ltr'>(M2)</span> <span class='ocrx_word' id='word_1_142' title='bbox 909 1433 1135 1496; x_wconf 89' lang='lat' dir='ltr'>cognitas</span> <span class='ocrx_word' id='word_1_143' title='bbox 1163 1432 1341 1480; x_wconf 89' lang='lat' dir='ltr'>habuit</span> <span class='ocrx_word' id='word_1_144' title='bbox 1364 1432 1614 1494; x_wconf 88' lang='lat' dir='ltr'>librarius,</span> <span class='ocrx_word' id='word_1_145' title='bbox 1648 1449 1827 1496; x_wconf 91' lang='lat' dir='ltr'>easque</span> <span class='ocrx_word' id='word_1_146' title='bbox 1853 1434 1919 1482; x_wconf 91' lang='lat' dir='ltr'>ad</span> 
     </span>
     <span class='ocr_line' id='line_1_19' title="bbox 215 1507 1917 1569; baseline 0.002 -15"><span class='ocrx_word' id='word_1_147' title='bbox 215 1522 366 1554; x_wconf 89' lang='lat' dir='ltr'>unam</span> <span class='ocrx_word' id='word_1_148' title='bbox 401 1521 569 1555; x_wconf 92' lang='lat' dir='ltr'>omnes</span> <span class='ocrx_word' id='word_1_149' title='bbox 601 1507 654 1554; x_wconf 89' lang='lat' dir='ltr'>in</span> <span class='ocrx_word' id='word_1_150' title='bbox 684 1508 881 1554; x_wconf 86' lang='lat' dir='ltr'>textum</span> <span class='ocrx_word' id='word_1_151' title='bbox 910 1508 1109 1569; x_wconf 91' lang='lat' dir='ltr'>recepit.</span> <span class='ocrx_word' id='word_1_152' title='bbox 1169 1510 1343 1555; x_wconf 87' lang='lat' dir='ltr'>contra</span> <span class='ocrx_word' id='word_1_153' title='bbox 1377 1523 1502 1569; x_wconf 91' lang='lat' dir='ltr'>quae</span> <span class='ocrx_word' id='word_1_154' title='bbox 1536 1510 1832 1557; x_wconf 87' lang='lat' dir='ltr'>correctores</span> <span class='ocrx_word' id='word_1_155' title='bbox 1863 1519 1917 1557; x_wconf 90' lang='lat' dir='ltr'>m</span> 
     </span>
     <span class='ocr_line' id='line_1_20' title="bbox 213 1576 1917 1646; baseline 0.001 -18"><span class='ocrx_word' id='word_1_156' title='bbox 213 1581 267 1628; x_wconf 96' lang='lat' dir='ltr'>in</span> <span class='ocrx_word' id='word_1_157' title='bbox 306 1581 590 1629; x_wconf 89' lang='lat' dir='ltr'>Matritensi</span> <span class='ocrx_word' id='word_1_158' title='bbox 626 1583 971 1642; x_wconf 88' lang='lat' dir='ltr'>mutaverunt,</span> <span class='ocrx_word' id='word_1_159' title='bbox 1010 1581 1162 1629; x_wconf 86' lang='lat' dir='ltr'>codex</span> <span class='ocrx_word' id='word_1_160' title='bbox 1193 1576 1233 1630; x_wconf 90' lang='lat' dir='ltr'><strong>F</strong></span> <span class='ocrx_word' id='word_1_161' title='bbox 1273 1583 1471 1644; x_wconf 86' lang='lat' dir='ltr'>penitus</span> <span class='ocrx_word' id='word_1_162' title='bbox 1509 1584 1723 1646; x_wconf 87' lang='lat' dir='ltr'>ignorat.</span> <span class='ocrx_word' id='word_1_163' title='bbox 1786 1582 1917 1630; x_wconf 88' lang='lat' dir='ltr'>unde</span> 
     </span>
     <span class='ocr_line' id='line_1_21' title="bbox 216 1651 1914 1720; baseline 0.001 -17"><span class='ocrx_word' id='word_1_164' title='bbox 216 1658 485 1717; x_wconf 87' lang='lat' dir='ltr'>antequam</span> <span class='ocrx_word' id='word_1_165' title='bbox 508 1656 588 1703; x_wconf 90' lang='lat' dir='ltr'>illi</span> <span class='ocrx_word' id='word_1_166' title='bbox 610 1655 663 1702; x_wconf 88' lang='lat' dir='ltr'>in</span> <span class='ocrx_word' id='word_1_167' title='bbox 686 1655 972 1703; x_wconf 84' lang='lat' dir='ltr'>Matritensi</span> <span class='ocrx_word' id='word_1_168' title='bbox 996 1651 1355 1720; x_wconf 83' lang='lat' dir='ltr'>grassarentur,</span> <span class='ocrx_word' id='word_1_169' title='bbox 1383 1651 1424 1704; x_wconf 89' lang='lat' dir='ltr'><strong>F</strong></span> <span class='ocrx_word' id='word_1_170' title='bbox 1450 1673 1507 1704; x_wconf 92' lang='lat' dir='ltr'>ex</span> <span class='ocrx_word' id='word_1_171' title='bbox 1532 1672 1588 1705; x_wconf 90' lang='lat' dir='ltr'>eo</span> <span class='ocrx_word' id='word_1_172' title='bbox 1614 1656 1914 1719; x_wconf 88' lang='lat' dir='ltr'>descriptum</span> 
     </span>
     <span class='ocr_line' id='line_1_22' title="bbox 217 1729 941 1792; baseline -0.001 -14"><span class='ocrx_word' id='word_1_173' title='bbox 217 1745 321 1779; x_wconf 90' lang='lat' dir='ltr'>esse</span> <span class='ocrx_word' id='word_1_174' title='bbox 353 1729 544 1792; x_wconf 88' lang='lat' dir='ltr'>liquido</span> <span class='ocrx_word' id='word_1_175' title='bbox 578 1729 941 1792; x_wconf 88' lang='lat' dir='ltr'>comprobatur.</span> 
     </span>
    </p>

    <p class='ocr_par' dir='ltr' id='par_1_6' title="bbox 213 1798 1919 2980">
     <span class='ocr_line' id='line_1_23' title="bbox 291 1798 1919 1872; baseline 0 -20"><span class='ocrx_word' id='word_1_176' title='bbox 291 1806 406 1867; x_wconf 90' lang='lat' dir='ltr'>apte</span> <span class='ocrx_word' id='word_1_177' title='bbox 445 1804 538 1852; x_wconf 90' lang='lat' dir='ltr'>hoc</span> <span class='ocrx_word' id='word_1_178' title='bbox 576 1804 685 1852; x_wconf 90' lang='lat' dir='ltr'>loco</span> <span class='ocrx_word' id='word_1_179' title='bbox 726 1803 1047 1867; x_wconf 87' lang='lat' dir='ltr'>subiungitur</span> <span class='ocrx_word' id='word_1_180' title='bbox 1086 1804 1239 1852; x_wconf 85' lang='lat' dir='ltr'>codex</span> <span class='ocrx_word' id='word_1_181' title='bbox 1276 1804 1519 1852; x_wconf 91' lang='lat' dir='ltr'>Budensis</span> <span class='ocrx_word' id='word_1_182' title='bbox 1558 1798 1671 1872; x_wconf 84' lang='lat' dir='ltr'>(B):</span> <span class='ocrx_word' id='word_1_183' title='bbox 1710 1821 1828 1853; x_wconf 90' lang='lat' dir='ltr'>nam</span> <span class='ocrx_word' id='word_1_184' title='bbox 1866 1807 1919 1854; x_wconf 84' lang='lat' dir='ltr'>et</span> 
     </span>
     <span class='ocr_line' id='line_1_24' title="bbox 215 1878 1918 1943; baseline 0.002 -18"><span class='ocrx_word' id='word_1_185' title='bbox 215 1879 296 1927; x_wconf 91' lang='lat' dir='ltr'>hic</span> <span class='ocrx_word' id='word_1_186' title='bbox 329 1878 391 1926; x_wconf 91' lang='lat' dir='ltr'>ab</span> <span class='ocrx_word' id='word_1_187' title='bbox 423 1879 533 1940; x_wconf 85' lang='lat' dir='ltr'>ipso</span> <span class='ocrx_word' id='word_1_188' title='bbox 565 1878 847 1926; x_wconf 90' lang='lat' dir='ltr'>Matritensi</span> <span class='ocrx_word' id='word_1_189' title='bbox 879 1878 1144 1927; x_wconf 90' lang='lat' dir='ltr'>descendit.</span> <span class='ocrx_word' id='word_1_190' title='bbox 1207 1895 1356 1940; x_wconf 90' lang='lat' dir='ltr'>quam</span> <span class='ocrx_word' id='word_1_191' title='bbox 1388 1878 1655 1943; x_wconf 85' lang='lat' dir='ltr'>diligenter</span> <span class='ocrx_word' id='word_1_192' title='bbox 1683 1879 1918 1928; x_wconf 84' lang='lat' dir='ltr'>librarius</span> 
     </span>
     <span class='ocr_line' id='line_1_25' title="bbox 219 1952 1918 2016; baseline 0.001 -16"><span class='ocrx_word' id='word_1_193' title='bbox 219 1954 471 2015; x_wconf 88' lang='lat' dir='ltr'>exemplar</span> <span class='ocrx_word' id='word_1_194' title='bbox 495 1968 641 2001; x_wconf 92' lang='lat' dir='ltr'>suum</span> <span class='ocrx_word' id='word_1_195' title='bbox 664 1954 861 2000; x_wconf 86' lang='lat' dir='ltr'>secutus</span> <span class='ocrx_word' id='word_1_196' title='bbox 885 1954 966 2015; x_wconf 92' lang='lat' dir='ltr'>sit,</span> <span class='ocrx_word' id='word_1_197' title='bbox 990 1953 1071 2002; x_wconf 95' lang='lat' dir='ltr'>vel</span> <span class='ocrx_word' id='word_1_198' title='bbox 1094 1952 1209 2000; x_wconf 93' lang='lat' dir='ltr'>inde</span> <span class='ocrx_word' id='word_1_199' title='bbox 1226 1953 1551 2016; x_wconf 89' lang='lat' dir='ltr'>intellegitur,</span> <span class='ocrx_word' id='word_1_200' title='bbox 1577 1954 1708 2016; x_wconf 89' lang='lat' dir='ltr'>quod</span> <span class='ocrx_word' id='word_1_201' title='bbox 1723 1954 1918 2002; x_wconf 91' lang='lat' dir='ltr'>nullum</span> 
     </span>
     <span class='ocr_line' id='line_1_26' title="bbox 217 2022 1916 2090; baseline 0.001 -15"><span class='ocrx_word' id='word_1_202' title='bbox 217 2043 416 2076; x_wconf 90' lang='lat' dir='ltr'>versum</span> <span class='ocrx_word' id='word_1_203' title='bbox 449 2027 618 2074; x_wconf 91' lang='lat' dir='ltr'>omisit</span> <span class='ocrx_word' id='word_1_204' title='bbox 648 2042 808 2090; x_wconf 90' lang='lat' dir='ltr'>neque</span> <span class='ocrx_word' id='word_1_205' title='bbox 832 2027 919 2074; x_wconf 94' lang='lat' dir='ltr'>ubi</span> <span class='ocrx_word' id='word_1_206' title='bbox 941 2027 994 2074; x_wconf 91' lang='lat' dir='ltr'>in</span> <span class='ocrx_word' id='word_1_207' title='bbox 1016 2022 1067 2076; x_wconf 89' lang='grc' dir='ltr'><strong>Μ</strong></span> <span class='ocrx_word' id='word_1_208' title='bbox 1092 2027 1211 2076; x_wconf 91' lang='lat' dir='ltr'>ordo</span> <span class='ocrx_word' id='word_1_209' title='bbox 1235 2027 1465 2076; x_wconf 87' lang='lat' dir='ltr'>turbatus</span> <span class='ocrx_word' id='word_1_210' title='bbox 1492 2027 1553 2075; x_wconf 90' lang='lat' dir='ltr'>ab</span> <span class='ocrx_word' id='word_1_211' title='bbox 1578 2027 1686 2090; x_wconf 91' lang='lat' dir='ltr'>ipso</span> <span class='ocrx_word' id='word_1_212' title='bbox 1711 2028 1916 2076; x_wconf 88' lang='lat' dir='ltr'>librario</span> 
     </span>
     <span class='ocr_line' id='line_1_27' title="bbox 217 2101 1916 2165; baseline 0 -15"><span class='ocrx_word' id='word_1_213' title='bbox 217 2101 391 2151; x_wconf 85' lang='lat' dir='ltr'>statim</span> <span class='ocrx_word' id='word_1_214' title='bbox 428 2101 690 2149; x_wconf 90' lang='lat' dir='ltr'>restitutus</span> <span class='ocrx_word' id='word_1_215' title='bbox 731 2103 826 2161; x_wconf 90' lang='lat' dir='ltr'>est,</span> <span class='ocrx_word' id='word_1_216' title='bbox 869 2101 1143 2164; x_wconf 87' lang='lat' dir='ltr'>quidquam</span> <span class='ocrx_word' id='word_1_217' title='bbox 1182 2103 1421 2163; x_wconf 89' lang='lat' dir='ltr'>peccavit.</span> <span class='ocrx_word' id='word_1_218' title='bbox 1485 2102 1609 2150; x_wconf 88' lang='lat' dir='ltr'>adde</span> <span class='ocrx_word' id='word_1_219' title='bbox 1650 2102 1781 2165; x_wconf 89' lang='lat' dir='ltr'>quod</span> <span class='ocrx_word' id='word_1_220' title='bbox 1811 2106 1916 2150; x_wconf 90' lang='lat' dir='ltr'>tam</span> 
     </span>
     <span class='ocr_line' id='line_1_28' title="bbox 217 2170 1918 2240; baseline 0 -16"><span class='ocrx_word' id='word_1_221' title='bbox 217 2178 359 2224; x_wconf 90' lang='lat' dir='ltr'>caute</span> <span class='ocrx_word' id='word_1_222' title='bbox 409 2177 512 2240; x_wconf 90' lang='lat' dir='ltr'>egit</span> <span class='ocrx_word' id='word_1_223' title='bbox 558 2176 792 2223; x_wconf 92' lang='lat' dir='ltr'>librarius</span> <span class='ocrx_word' id='word_1_224' title='bbox 831 2170 896 2236; x_wconf 88' lang='grc' dir='ltr'>Β,</span> <span class='ocrx_word' id='word_1_225' title='bbox 943 2177 1001 2223; x_wconf 87' lang='lat' dir='ltr'>ut</span> <span class='ocrx_word' id='word_1_226' title='bbox 1042 2176 1246 2224; x_wconf 91' lang='lat' dir='ltr'>lacunas</span> <span class='ocrx_word' id='word_1_227' title='bbox 1285 2177 1398 2225; x_wconf 89' lang='lat' dir='ltr'>aliis</span> <span class='ocrx_word' id='word_1_228' title='bbox 1438 2177 1704 2238; x_wconf 89' lang='lat' dir='ltr'>explendas</span> <span class='ocrx_word' id='word_1_229' title='bbox 1742 2177 1918 2224; x_wconf 91' lang='lat' dir='ltr'>mallet</span> 
     </span>
     <span class='ocr_line' id='line_1_29' title="bbox 215 2250 1917 2313; baseline 0.001 -16"><span class='ocrx_word' id='word_1_230' title='bbox 215 2251 518 2312; x_wconf 88' lang='lat' dir='ltr'>relinquere,</span> <span class='ocrx_word' id='word_1_231' title='bbox 558 2265 711 2312; x_wconf 89' lang='lat' dir='ltr'>quam</span> <span class='ocrx_word' id='word_1_232' title='bbox 749 2251 934 2298; x_wconf 89' lang='lat' dir='ltr'>temere</span> <span class='ocrx_word' id='word_1_233' title='bbox 974 2251 1103 2298; x_wconf 86' lang='lat' dir='ltr'>falsa</span> <span class='ocrx_word' id='word_1_234' title='bbox 1138 2250 1478 2299; x_wconf 84' lang='lat' dir='ltr'>transcribere.</span> <span class='ocrx_word' id='word_1_235' title='bbox 1543 2267 1666 2313; x_wconf 91' lang='lat' dir='ltr'>quas</span> <span class='ocrx_word' id='word_1_236' title='bbox 1698 2251 1917 2312; x_wconf 86' lang='lat' dir='ltr'>lacunas,</span> 
     </span>
     <span class='ocr_line' id='line_1_30' title="bbox 215 2324 1917 2386; baseline 0.001 -15"><span class='ocrx_word' id='word_1_237' title='bbox 215 2326 273 2372; x_wconf 89' lang='lat' dir='ltr'>ut</span> <span class='ocrx_word' id='word_1_238' title='bbox 310 2325 413 2372; x_wconf 90' lang='lat' dir='ltr'>iam</span> <span class='ocrx_word' id='word_1_239' title='bbox 453 2339 604 2386; x_wconf 90' lang='lat' dir='ltr'>supra</span> <span class='ocrx_word' id='word_1_240' title='bbox 644 2324 877 2386; x_wconf 86' lang='lat' dir='ltr'>diximus,</span> <span class='ocrx_word' id='word_1_241' title='bbox 918 2340 1093 2372; x_wconf 90' lang='lat' dir='ltr'>manus</span> <span class='ocrx_word' id='word_1_242' title='bbox 1133 2341 1232 2372; x_wconf 90' lang='lat' dir='ltr'>non</span> <span class='ocrx_word' id='word_1_243' title='bbox 1273 2325 1445 2373; x_wconf 91' lang='lat' dir='ltr'>eadem</span> <span class='ocrx_word' id='word_1_244' title='bbox 1476 2350 1549 2358; x_wconf 89' lang='lat'>—-</span> <span class='ocrx_word' id='word_1_245' title='bbox 1580 2341 1695 2374; x_wconf 91' lang='lat' dir='ltr'>nam</span> <span class='ocrx_word' id='word_1_246' title='bbox 1727 2328 1784 2373; x_wconf 90' lang='lat' dir='ltr'>ut</span> <span class='ocrx_word' id='word_1_247' title='bbox 1816 2325 1917 2373; x_wconf 92' lang='lat' dir='ltr'>alia</span> 
     </span>
     <span class='ocr_line' id='line_1_31' title="bbox 217 2398 1918 2462; baseline 0.001 -16"><span class='ocrx_word' id='word_1_248' title='bbox 217 2400 467 2459; x_wconf 88' lang='lat' dir='ltr'>omittam,</span> <span class='ocrx_word' id='word_1_249' title='bbox 523 2398 621 2445; x_wconf 90' lang='lat' dir='ltr'>alio</span> <span class='ocrx_word' id='word_1_250' title='bbox 671 2398 947 2460; x_wconf 88' lang='lat' dir='ltr'>particulae</span> <span class='ocrx_word' id='word_1_251' title='bbox 995 2414 1083 2459; x_wconf 75' lang='lat' dir='ltr'>que</span> <span class='ocrx_word' id='word_1_252' title='bbox 1130 2399 1419 2462; x_wconf 91' lang='lat' dir='ltr'>compendio</span> <span class='ocrx_word' id='word_1_253' title='bbox 1466 2399 1626 2448; x_wconf 87' lang='lat' dir='ltr'>utitur</span> <span class='ocrx_word' id='word_1_254' title='bbox 1671 2402 1918 2448; x_wconf 90' lang='lat' dir='ltr'>corrector</span> 
     </span>
     <span class='ocr_line' id='line_1_32' title="bbox 217 2465 1917 2540; baseline 0.001 -20"><span class='ocrx_word' id='word_1_255' title='bbox 217 2489 367 2535; x_wconf 89' lang='lat' dir='ltr'>quam</span> <span class='ocrx_word' id='word_1_256' title='bbox 392 2467 459 2522; x_wconf 89' lang='lat' dir='ltr'>Bl</span> <span class='ocrx_word' id='word_1_257' title='bbox 491 2499 564 2504; x_wconf 90' lang='lat'>—</span> <span class='ocrx_word' id='word_1_258' title='bbox 596 2472 682 2520; x_wconf 86' lang='lat' dir='ltr'>sed</span> <span class='ocrx_word' id='word_1_259' title='bbox 713 2472 970 2520; x_wconf 86' lang='lat' dir='ltr'>simillima</span> <span class='ocrx_word' id='word_1_260' title='bbox 995 2465 1159 2540; x_wconf 66' lang='lat' dir='ltr'>(BSim)</span> <span class='ocrx_word' id='word_1_261' title='bbox 1186 2474 1450 2536; x_wconf 88' lang='lat' dir='ltr'>supplevit.</span> <span class='ocrx_word' id='word_1_262' title='bbox 1506 2474 1678 2522; x_wconf 90' lang='lat' dir='ltr'>eadem</span> <span class='ocrx_word' id='word_1_263' title='bbox 1700 2475 1917 2522; x_wconf 89' lang='lat' dir='ltr'>minores</span> 
     </span>
     <span class='ocr_line' id='line_1_33' title="bbox 217 2547 1918 2611; baseline 0.001 -17"><span class='ocrx_word' id='word_1_264' title='bbox 217 2547 458 2608; x_wconf 92' lang='lat' dir='ltr'>quosdam</span> <span class='ocrx_word' id='word_1_265' title='bbox 496 2547 692 2594; x_wconf 89' lang='lat' dir='ltr'>librarii</span> <span class='ocrx_word' id='word_1_266' title='bbox 729 2547 899 2609; x_wconf 89' lang='lat' dir='ltr'>lapsus</span> <span class='ocrx_word' id='word_1_267' title='bbox 937 2547 1240 2611; x_wconf 83' lang='lat' dir='ltr'>emendavit,</span> <span class='ocrx_word' id='word_1_268' title='bbox 1280 2548 1418 2596; x_wconf 89' lang='lat' dir='ltr'>velut</span> <span class='ocrx_word' id='word_1_269' title='bbox 1448 2548 1665 2596; x_wconf 81' lang='lat' dir='ltr'>lucorum</span> <span class='ocrx_word' id='word_1_270' title='bbox 1694 2549 1918 2596; x_wconf 85' lang='lat' dir='ltr'>restituit</span> 
     </span>
     <span class='ocr_line' id='line_1_34' title="bbox 213 2620 1913 2684; baseline 0.001 -15"><span class='ocrx_word' id='word_1_271' title='bbox 213 2621 241 2669; x_wconf 91' lang='lat' dir='ltr'>I</span> <span class='ocrx_word' id='word_1_272' title='bbox 267 2623 314 2682; x_wconf 88' lang='lat'>3,</span> <span class='ocrx_word' id='word_1_273' title='bbox 341 2623 407 2670; x_wconf 89' lang='lat'>39</span> <span class='ocrx_word' id='word_1_274' title='bbox 434 2637 524 2684; x_wconf 91' lang='lat' dir='ltr'>pro</span> <span class='ocrx_word' id='word_1_275' title='bbox 549 2621 808 2678; x_wconf 78' lang='lat' dir='ltr'>lucrorum,</span> <span class='ocrx_word' id='word_1_276' title='bbox 845 2620 1075 2670; x_wconf 77' lang='lat' dir='ltr'>Catillum</span> <span class='ocrx_word' id='word_1_277' title='bbox 1098 2638 1189 2684; x_wconf 89' lang='lat' dir='ltr'>pro</span> <span class='ocrx_word' id='word_1_278' title='bbox 1216 2621 1413 2670; x_wconf 87' lang='lat' dir='ltr'>Catullo</span> <span class='ocrx_word' id='word_1_279' title='bbox 1436 2622 1463 2670; x_wconf 85' lang='lat' dir='ltr'>I</span> <span class='ocrx_word' id='word_1_280' title='bbox 1482 2624 1529 2683; x_wconf 89' lang='lat'>3,</span> <span class='ocrx_word' id='word_1_281' title='bbox 1558 2624 1677 2671; x_wconf 89' lang='grc'>100.</span> <span class='ocrx_word' id='word_1_282' title='bbox 1701 2622 1754 2670; x_wconf 92' lang='lat' dir='ltr'>II</span> <span class='ocrx_word' id='word_1_283' title='bbox 1774 2625 1819 2682; x_wconf 90' lang='lat'>1,</span> <span class='ocrx_word' id='word_1_284' title='bbox 1848 2624 1913 2670; x_wconf 86' lang='lat'>72</span> 
     </span>
     <span class='ocr_line' id='line_1_35' title="bbox 213 2689 1914 2763; baseline 0 -20"><span class='ocrx_word' id='word_1_285' title='bbox 213 2695 301 2743; x_wconf 91' lang='lat' dir='ltr'>ubi</span> <span class='ocrx_word' id='word_1_286' title='bbox 331 2690 400 2744; x_wconf 86' lang='lat' dir='ltr'>Bl</span> <span class='ocrx_word' id='word_1_287' title='bbox 438 2695 669 2756; x_wconf 86' lang='lat' dir='ltr'>deceptus</span> <span class='ocrx_word' id='word_1_288' title='bbox 708 2696 976 2758; x_wconf 89' lang='lat' dir='ltr'>marginali</span> <span class='ocrx_word' id='word_1_289' title='bbox 1013 2698 1134 2743; x_wconf 88' lang='lat' dir='ltr'>nota</span> <span class='ocrx_word' id='word_1_290' title='bbox 1169 2696 1350 2744; x_wconf 90' lang='lat' dir='ltr'>codicis</span> <span class='ocrx_word' id='word_1_291' title='bbox 1382 2692 1431 2745; x_wconf 89' lang='lat' dir='ltr'><strong><em>M</em></strong></span> <span class='ocrx_word' id='word_1_292' title='bbox 1464 2691 1673 2763; x_wconf 79' lang='lat' dir='ltr'>(catasta</span> <span class='ocrx_word' id='word_1_293' title='bbox 1702 2690 1776 2745; x_wconf 72' lang='lat' dir='ltr'>M2</span> <span class='ocrx_word' id='word_1_294' title='bbox 1805 2689 1914 2762; x_wconf 86' lang='lat' dir='ltr'>mg)</span> 
     </span>
     <span class='ocr_line' id='line_1_36' title="bbox 213 2770 1914 2834; baseline 0.001 -18"><span class='ocrx_word' id='word_1_295' title='bbox 213 2770 581 2818; x_wconf 87' lang='lat' dir='ltr'>nominativum</span> <span class='ocrx_word' id='word_1_296' title='bbox 615 2771 901 2831; x_wconf 89' lang='lat' dir='ltr'>scripserat,</span> <span class='ocrx_word' id='word_1_297' title='bbox 937 2770 1223 2833; x_wconf 85' lang='lat' dir='ltr'>genetivum</span> <span class='ocrx_word' id='word_1_298' title='bbox 1253 2772 1517 2819; x_wconf 86' lang='lat' dir='ltr'>revocavit.</span> <span class='ocrx_word' id='word_1_299' title='bbox 1580 2772 1680 2818; x_wconf 93' lang='lat' dir='ltr'>iam</span> <span class='ocrx_word' id='word_1_300' title='bbox 1714 2772 1914 2834; x_wconf 90' lang='lat' dir='ltr'>gratum</span> 
     </span>
     <span class='ocr_line' id='line_1_37' title="bbox 215 2843 1915 2909; baseline 0.001 -18"><span class='ocrx_word' id='word_1_301' title='bbox 215 2859 318 2891; x_wconf 88' lang='lat' dir='ltr'>esse</span> <span class='ocrx_word' id='word_1_302' title='bbox 376 2844 551 2907; x_wconf 93' lang='lat' dir='ltr'>opinor</span> <span class='ocrx_word' id='word_1_303' title='bbox 607 2843 665 2890; x_wconf 93' lang='lat' dir='ltr'>de</span> <span class='ocrx_word' id='word_1_304' title='bbox 720 2844 970 2891; x_wconf 89' lang='lat' dir='ltr'>nonnullis</span> <span class='ocrx_word' id='word_1_305' title='bbox 1019 2844 1222 2892; x_wconf 90' lang='lat' dir='ltr'>illarum</span> <span class='ocrx_word' id='word_1_306' title='bbox 1268 2846 1559 2892; x_wconf 88' lang='lat' dir='ltr'>lacunarum</span> <span class='ocrx_word' id='word_1_307' title='bbox 1604 2845 1762 2893; x_wconf 85' lang='lat' dir='ltr'>fusius</span> <span class='ocrx_word' id='word_1_308' title='bbox 1811 2846 1915 2909; x_wconf 90' lang='lat' dir='ltr'>agi,</span> 
     </span>
     <span class='ocr_line' id='line_1_38' title="bbox 219 2913 1917 2980; baseline 0.001 -16"><span class='ocrx_word' id='word_1_309' title='bbox 219 2920 277 2965; x_wconf 92' lang='lat' dir='ltr'>ut</span> <span class='ocrx_word' id='word_1_310' title='bbox 339 2919 511 2980; x_wconf 89' lang='lat' dir='ltr'>qualia</span> <span class='ocrx_word' id='word_1_311' title='bbox 572 2918 883 2979; x_wconf 89' lang='lat' dir='ltr'>potissimum</span> <span class='ocrx_word' id='word_1_312' title='bbox 939 2917 1172 2966; x_wconf 91' lang='lat' dir='ltr'>librarius</span> <span class='ocrx_word' id='word_1_313' title='bbox 1227 2913 1294 2967; x_wconf 81' lang='lat' dir='ltr'>B1</span> <span class='ocrx_word' id='word_1_314' title='bbox 1346 2918 1767 2979; x_wconf 88' lang='lat' dir='ltr'>reformidaverit,</span> <span class='ocrx_word' id='word_1_315' title='bbox 1826 2918 1917 2966; x_wconf 90' lang='lat' dir='ltr'>fiat</span> 
     </span>
    </p>
   </div>
  </div>
 </body>
</html>
