2034 3126
754 100 1096 148 PRAEFATIO
1614 104 1781 150 LXXV

152 248 316 296 culum
346 260 506 294 meum
537 245 746 305 coepisse
775 244 862 292 sed
891 245 968 293 hic
998 244 1118 293 liber
1148 247 1243 293 tres
1274 245 1415 293 habet

153 410 205 444 se
236 411 384 457 quam
414 394 543 455 quod
573 396 751 454 quarta
783 393 851 441 ad
879 393 1108 442 honorem
1139 396 1277 441 tuum
1299 396 1522 454 pertinet

153 470 324 519 Primo
356 472 515 518 autem
545 469 803 528 septimum
834 467 1072 516 decimum
1098 469 1368 528 germanici
1398 483 1479 516 nra

154 545 460 594 consulatum
490 542 698 591 adoravi
727 542 937 590 secundo
965 543 1158 604 qratias
1190 544 1264 604 eyi
1293 545 1504 592 sacratis
1515 536 1558 610 2)

44 669 48 672 .
153 621 292 667 simis
322 619 427 667 eius
459 617 616 681 epulis
644 617 923 665 honoratus.

77 693 165 743 sed
195 676 458 741 mittamus
488 691 612 740 haec
642 707 704 739 ne
736 690 927 754 ingenii
958 691 1127 739 lusum
1157 691 1294 740 ultra
1325 691 1549 740 debitum
1581 691 1787 740 modum

78 782 436 832 propagemus:
482 782 639 814 unum
678 765 864 814 adnoto
903 765 1270 829 longitudinem
1309 765 1512 815 illorum
1550 781 1787 815 versuum

81 858 231 905 quam
268 843 323 890 in
361 836 413 891 X
450 840 604 890 fuisse
645 839 941 902 statuimus,
982 841 1229 903 quadrare
1271 841 1335 889 ad
1372 841 1652 890 hexametri
1685 857 1786 889 am-

77 917 256 967 bitum

154 990 373 1040 codicem
409 984 462 1039 X
508 992 558 1038 et
603 989 657 1037 in
702 989 851 1038 initio
899 991 950 1038 et
995 989 1048 1037 in
1093 989 1191 1038 fine
1239 989 1342 1038 situ
1389 990 1596 1038 adesum
1631 990 1787 1039 fuisse

78 1065 373 1115 concludere
418 1065 550 1115 licet.
620 1080 737 1112 nam
784 1067 835 1112 et
875 1064 1061 1113 titulus
1107 1064 1259 1127 primi
1305 1063 1421 1113 libri
1467 1065 1522 1112 in
1562 1081 1620 1114 eo
1661 1064 1790 1113 desi-

79 1140 353 1189 derabatur
399 1142 451 1189 et
491 1139 604 1187 finis
642 1139 833 1202 primae
872 1139 1087 1204 paginae
1126 1138 1327 1188 videtur
1364 1155 1571 1188 mancus
1611 1139 1789 1188 fnisse:

78 1214 270 1279 primae
309 1213 639 1277 praefationis
678 1216 899 1262 extrema
937 1229 1054 1277 pars
1093 1214 1259 1277 periit.
1331 1230 1423 1263 nec
1461 1230 1561 1263 non
1598 1213 1652 1261 in
1691 1213 1788 1262 fine

79 1289 197 1338 libri
228 1289 357 1338 situs
387 1291 588 1338 exstant
618 1289 834 1354 vestigia
864 1304 1038 1342 versus
1069 1288 1240 1337 mutili
1271 1289 1319 1336 V
1349 1290 1396 1351 5,
1431 1290 1667 1338 24—27.
1704 1290 1788 1337 76.

82 1366 167 1413 77.
208 1365 292 1412 84.
333 1363 394 1412 de
436 1363 577 1412 exitu
610 1363 777 1411 ultimi
810 1363 1044 1412 carminis
1076 1363 1312 1412 dubitant
1342 1363 1442 1413 viri
1474 1363 1631 1412 docti:
1671 1365 1791 1412 sunt

81 1439 172 1502 qui
195 1439 494 1503 paginarum
517 1438 728 1487 interitu
752 1454 868 1486 eum
890 1438 1099 1500 periisse
1124 1438 1310 1500 dicant,
1334 1439 1453 1487 sunt
1478 1438 1566 1501 qui
1590 1454 1791 1487 carmen

78 1513 428 1577 imperfectum
479 1529 509 1562 a
554 1515 707 1576 poeta
752 1513 987 1561 relictum
1034 1528 1140 1562 esse
1179 1516 1435 1562 censeant.
1513 1528 1626 1561 cum
1672 1528 1790 1561 vero

80 1588 411 1652 archetypum
442 1587 496 1636 in
525 1587 623 1637 fine
654 1587 893 1636 mutilum
926 1587 1413 1650 deprehenderimus,
1450 1587 1652 1636 illorum
1684 1603 1792 1636 sen-

79 1663 242 1712 tentia
285 1663 447 1727 magis
493 1662 767 1726 probabilis
813 1662 1016 1711 videtur
1063 1678 1180 1711 esse.
1252 1662 1338 1711 sed
1382 1678 1474 1725 pro
1522 1664 1657 1711 certo
1697 1662 1792 1711 hoc

79 1739 258 1801 nequit
300 1737 578 1786 diiudicari.
649 1739 782 1786 certe
821 1737 934 1786 finis
972 1739 1171 1786 tantum
1211 1737 1422 1800 epicedii
1460 1738 1673 1786 haustus
1715 1738 1792 1785 est

78 1829 169 1862 nec
215 1812 378 1861 ullum
426 1815 590 1862 exstat
635 1811 909 1876 vestigium
947 1827 1046 1875 quo
1088 1813 1323 1875 antiquos
1360 1812 1511 1875 plura
1552 1813 1789 1874 carmina,

9 1950 12 1955 ,
79 1903 231 1950 quam
287 1902 378 1936 nos
423 1887 654 1936 manibus
699 1889 947 1950 tenemuS,
1004 1886 1207 1951 cognita
1252 1886 1489 1935 habuisse
1534 1886 1791 1949 probetur.

79 1977 197 2010 nam
252 1978 351 2024 quo
404 1961 463 2010 de
509 1962 604 2011 hac
649 1978 702 2010 re
749 1961 1024 2010 utebantur
1068 1963 1260 2024 priores
1308 1961 1443 2010 Stati
1490 1961 1790 2024 interpretes

79 2038 369 2086 testimonio
410 2036 584 2086 Sidoni
621 2036 931 2100 Apollinaris
971 2029 1145 2103 (carm.
1174 2039 1241 2085 22
1284 2053 1360 2099 ep.
1389 2029 1469 2103 6),
1507 2035 1561 2085 id
1601 2035 1791 2084 dudum

81 2111 426 2160 emendatione
458 2111 735 2162 certissima
766 2114 1014 2161 remotum
1045 2114 1134 2160 est.

15 2182 19 2188 ’
154 2187 255 2235 iam
288 2186 349 2235 de
380 2186 752 2236 Lundstroemii
783 2187 1033 2235 sententia
1065 2185 1331 2235 dicendum
1363 2188 1453 2248 est,
1487 2186 1575 2249 qui
1607 2186 1791 2235 codicis

0 2319 20 2329 Η
81 2256 438 2325 ‘Sangallensi'
480 2261 780 2324 antiquioris
818 2261 1035 2325 vestigia
1073 2261 1250 2309 relicta
1283 2276 1387 2310 esse
1420 2262 1609 2322 censet,
1649 2261 1792 2309 cuius

0 2340 27 2402 ,ὲ
80 2336 281 2399 paginis
320 2337 666 2401 quinquageni
703 2335 810 2384 bini
848 2351 1020 2385 versus
1061 2337 1357 2384 exstiterint.
1421 2335 1485 2384 ad
1523 2336 1652 2384 hanc
1684 2350 1791 2384 sen-

16 2471 21 2476 ·
80 2412 292 2459 tentiam
346 2410 654 2474 probandam
702 2411 825 2459 mire
875 2412 1131 2475 grassatus
1178 2412 1255 2459 est
1300 2411 1354 2458 in
1399 2412 1577 2474 poetae
1624 2409 1790 2459 verba.

80 2483 127 2531 V
167 2487 214 2546 3,
258 2486 362 2534 289
411 2486 593 2535 lacuna
639 2485 778 2534 nulla
825 2488 921 2534 est:
968 2486 1155 2549 legitur
1202 2484 1334 2533 enim
1374 2486 1428 2534 in
1468 2480 1519 2534 M
1559 2486 1629 2533 sic
1668 2484 1793 2533 fere:

16 2549 26 2602 ἱ
80 2562 346 2622 uumayine
383 2560 430 2607 h.
456 2577 496 2610 e.
520 2562 574 2609 in
604 2562 831 2621 imayine.
886 2576 944 2609 ac
975 2576 1036 2608 ne
1070 2575 1157 2608 eae
1189 2560 1393 2622 quidem
1421 2561 1644 2621 lacunae,
1670 2574 1793 2622 quas

16 2643 22 2697 ἢ
80 2632 128 2681 V
154 2636 201 2696 3,
229 2636 333 2684 237
376 2638 427 2683 et
458 2634 503 2681 V
531 2636 578 2696 5,
605 2637 672 2683 32
715 2635 951 2684 odoratus
991 2650 1096 2684 esse
1132 2634 1227 2683 sibi
1271 2634 1406 2684 visus
1447 2637 1522 2684 est
1553 2661 1627 2668 —
1658 2635 1793 2683 utro·

17 2711 25 2729 ⁴
84 2724 181 2771 que
212 2709 322 2759 loco
354 2725 525 2759 vocem
557 2712 770 2758 incertus
800 2709 1188 2773 interpolatione
1220 2709 1272 2758 in
1305 2711 1496 2758 textum
1525 2709 1793 2771 inrepsisse

83 2782 200 2844 sibi,
235 2800 335 2832 non
368 2784 482 2833 aliis
514 2783 787 2848 persuasit,
819 2784 880 2833 cf.
907 2783 1232 2833 Skutschium
1265 2784 1395 2832 Berl.
1421 2783 1593 2847 philol,
1621 2782 1791 2831 Woch.

22 2860 26 2867 '
88 2858 247 2919 1894,
283 2860 435 2910 1514.
470 2885 537 2892 -
572 2875 748 2908 revera
780 2861 990 2908 exstant.
1046 2861 1241 2907 restant
1272 2860 1433 2908 solum
1466 2873 1636 2907 versus
1669 2857 1714 2903 V
1747 2858 1794 2918 5,

23 2957 27 2965 ·
87 2933 323 2994 24—27,
357 2935 440 2996 76,
477 2935 562 2995 77,
595 2934 680 2983 84.
737 2949 794 2983 ac
826 2933 868 2984 si
908 2934 1019 2996 quis
1051 2934 1167 2981 hinc
1200 2933 1492 2983 concludere
1526 2931 1651 2982 velit
1683 2947 1796 2981 cum
