2034 3126
240 98 282 141 X
918 95 1259 140 PRAEFATIO

241 238 440 286 videtur
471 237 696 285 consulto
728 237 780 284 in
812 236 974 285 medio
1006 235 1289 298 reliquisse,
1324 238 1493 284 utrum
1525 241 1544 284 t
1575 254 1635 284 an
1671 252 1708 297 c,
1739 253 1766 284 r
1798 253 1861 285 an
1890 253 1936 299 y,

238 328 275 360 ‘n
314 328 378 359 an
416 327 471 375 u,
512 327 535 359 c
576 327 640 360 an
671 326 719 372 o,
760 312 801 360 cl
833 327 896 358 an
929 312 982 372 d,
1022 326 1071 358 m
1103 326 1167 358 an
1199 312 1273 371 ni,
1312 326 1347 358 n
1379 326 1442 358 an
1474 313 1510 358 ta·
1539 312 1620 359 vel
1650 313 1690 359 it
1718 312 1797 359 vel
1830 313 1936 359 sim.

240 385 630 449 intellegendum
662 387 803 433 esset.
860 386 1030 432 littera
1061 386 1081 431 z·
1103 385 1250 432 initio
1273 385 1408 432 vocis
1434 385 1689 433 simillima
1712 401 1937 433 nonnun—

240 477 391 523 quam
439 461 515 508 est
560 461 760 508 litterae
807 460 848 520 l,
894 460 1095 507 litterae
1134 460 1154 505 i
1190 474 1303 506 raro
1341 459 1548 507 titulum
1588 458 1813 521 adpinxit
1851 454 1938 519 M¹‚

242 550 389 596 saepe
422 527 494 582 ΜΣ
534 537 583 582 et
613 545 678 582 m.
743 550 801 581 ex
831 534 909 582 his
939 532 1086 581 rebus
1117 535 1348 596 graviora
1377 535 1575 581 tantum
1607 534 1659 580 in
1691 536 1939 596 apparatu

242 610 413 656 critico
438 610 626 669 notavi,
651 607 994 657 similitudinis
1016 607 1157 670 signo
1174 609 1416 669 usurpato
1434 607 1581 670 quale
1597 609 1941 656 mathematici

241 683 474 731 adhibere
507 683 681 731 solent.
738 681 1040 744 compendiis
1073 696 1192 731 usus
1226 683 1300 729 est
1330 683 1502 743 paucis
1534 681 1766 730 librarius
1796 684 1845 730 et
1869 683 1939 730 eis

242 758 536 820 plerumque
575 756 864 804 tritissimis.
929 771 1232 818 quamquam
1263 755 1538 804 notandum
1570 758 1644 805 est
1676 772 1788 803 eum
1820 758 1940 804 nota

239 847 288 897 (ql
320 847 419 879 non
457 833 515 878 ut
545 832 700 879 ferme
739 831 934 878 librarii
971 845 1138 878 vocem
1180 830 1328 891 quod,
1369 829 1454 878 sed
1493 846 1604 890 -que
1641 831 1940 892 particulam

240 905 535 969 significare.
590 905 719 953 unde
750 905 804 952 in
836 905 1139 967 apographis
1171 920 1270 953 non
1302 920 1575 966 numquam
1606 906 1734 965 quod
1756 905 1940 968 legitur

241 981 350 1029 loco
393 980 672 1042 particulae
713 994 835 1039 -qua
905 981 1162 1041 praeterea
1199 979 1326 1027 miro
1366 978 1655 1041 compendio
1693 978 1941 1041 particula

240 1055 345 1103 sive
385 1054 579 1116 syllaba
612 1057 655 1102 et
685 1049 1000 1115 exprimitur,
1041 1052 1181 1101 cuius
1213 1054 1381 1115 plures
1411 1053 1654 1117 imagines
1684 1053 1738 1101 in
1767 1053 1942 1101 tabula

238 1129 636 1192 photographica
668 1129 924 1190 apparent.
978 1127 1139 1175 utitur
1171 1130 1337 1176 autem
1367 1127 1600 1175 librarius
1634 1143 1692 1175 ea
1722 1127 1942 1191 ligatura

240 1205 293 1251 in
322 1203 570 1265 particula
596 1206 637 1251 et
661 1203 820 1250 decies
846 1203 948 1250 sive
974 1201 1143 1250 addito
1170 1206 1212 1251 et
1234 1203 1335 1250 iam
1357 1201 1383 1248 I
1406 1202 1560 1264 praes.
1582 1203 1666 1263 13,
1696 1202 1942 1258 undecies,

241 1277 402 1325 decies
434 1279 484 1325 et
514 1279 591 1325 ter
621 1277 674 1323 in
705 1292 824 1325 voce
843 1276 1023 1337 pietas,
1058 1276 1318 1338 quinquies
1343 1276 1396 1323 in
1419 1290 1539 1324 voce
1565 1277 1733 1338 laetus,
1765 1278 1943 1338 quater

243 1352 294 1399 in
326 1352 500 1400 formis
533 1351 703 1414 quales
737 1353 852 1398 sunt
884 1352 1085 1411 quietem
1115 1352 1195 1398 vel
1226 1352 1428 1412 quietus,
1458 1350 1535 1399 bis
1566 1351 1718 1412 paulo
1746 1352 1942 1398 mutata

240 1426 414 1474 eadem
484 1426 748 1474 adhibetur
817 1425 878 1472 ad
947 1425 1367 1488 praepositionem
1429 1439 1484 1472 ex
1546 1425 1942 1489 significandam:

239 1500 267 1548 I
305 1501 459 1562 praef.
494 1502 561 1548 41
613 1503 662 1548 et
703 1499 749 1545 V
785 1501 831 1561 5,
866 1501 959 1562 593
1007 1498 1166 1548 decies
1213 1502 1470 1562 praeterea
1517 1500 1717 1562 passim.
1792 1502 1942 1562 atque

240 1575 446 1638 praebet
478 1590 589 1622 eam
621 1573 771 1622 codex

316 1651 368 1696 in
399 1650 554 1711 praef.
610 1649 648 1696 I.
727 1650 906 1710 quater
937 1650 987 1696 et
1018 1648 1178 1696 decies

398 1723 526 1772 libro
610 1723 648 1771 I.
727 1723 990 1785 quinquies

398 1798 525 1846 libro
582 1797 648 1845 II.
727 1797 991 1859 quinquies

399 1872 526 1921 libro
555 1872 646 1920 III.
725 1873 906 1934 septies

398 1946 526 1995 libro
587 1946 648 1994 V.
727 1948 906 2008 quater
939 1948 987 1994 et
1019 1945 1179 1994 decies
1211 1972 1284 1979 —-
1316 1962 1373 1994 ex
1405 1962 1502 2008 quo
1535 1961 1738 1993 numero
1771 1945 1941 1993 novies

239 2023 295 2068 in
334 2037 452 2069 voce
483 2023 667 2082 pietaS,
705 2021 780 2068 bis
819 2020 872 2067 in
911 2022 1134 2081 quietem,
1174 2021 1323 2068 semel
1363 2022 1416 2067 in
1449 2024 1510 2082 et,
1549 2022 1671 2067 item
1702 2021 1753 2066 in
1787 2020 1942 2068 laetus

244 2098 293 2144 et
325 2110 503 2156 expers
1559 2149 1563 2153 ,

319 2186 377 2217 ex
430 2170 506 2218 his
561 2171 778 2218 numeris
833 2169 883 2216 id
937 2171 1062 2231 puto
1117 2169 1235 2217 licet
1289 2168 1579 2217 concludere
1633 2185 1734 2217 non
1786 2169 1942 2230 ipsius

240 2243 436 2291 librarii
481 2245 734 2306 propriam
783 2259 886 2292 esse
932 2244 1060 2292 hanc
1106 2243 1400 2307 ligaturam,
1448 2243 1532 2291 sed
1573 2243 1633 2291 ab
1674 2243 1944 2305 exemplari

240 2319 552 2366 translatam.

320 2394 420 2441 alia
458 2393 679 2457 ligatura
719 2393 840 2440 satis
880 2393 1008 2439 mira
1042 2392 1203 2439 utitur
1234 2393 1386 2440 etiam
1418 2391 1482 2439 ad
1512 2391 1707 2440 litteras
1739 2395 1832 2439 -nt-
1865 2407 1941 2439 ex-

242 2467 541 2529 primendas.
611 2482 729 2513 nam
776 2482 887 2514 cum
936 2467 1197 2528 quinquies
1246 2466 1348 2514 sine
1397 2467 1502 2514 ulla
1550 2466 1849 2515 obscuritate
1895 2452 1946 2513 Ν

243 2542 486 2604 scriptum
526 2543 592 2590 sit
633 2558 670 2589 e.
698 2558 742 2604 g.
777 2541 802 2588 Ι
832 2542 987 2602 praef.
1017 2541 1098 2588 18.
1136 2543 1217 2587 21.
1254 2542 1344 2601 29,
1387 2542 1539 2588 octies
1580 2541 1702 2588 adeo
1743 2539 1942 2587 difficile

246 2619 320 2663 est
353 2615 558 2679 cognitu
591 2615 950 2676 compendium,
981 2617 1038 2662 ut
1064 2614 1242 2662 Souter
1272 2630 1646 2677 nonnumquam
1669 2618 1707 2661 tt
1726 2613 1941 2662 testatus

245 2691 312 2738 sit
342 2706 432 2751 pro
463 2694 532 2738 nt.
590 2690 858 2750 exemplari
890 2691 1041 2737 etiam
1072 2689 1166 2736 hoc
1198 2688 1364 2736 deberi
1395 2690 1604 2737 videtur.
1661 2688 1785 2736 adde
1811 2687 1943 2750 quod

243 2763 316 2811 IV
350 2767 397 2825 8,
429 2765 498 2812 46
540 2779 648 2812 -noe-
687 2765 911 2812 exaravit
949 2763 1182 2811 librarius
1221 2779 1311 2825 pro
1352 2767 1466 2825 -m‘-,
1507 2763 1558 2810 id
1592 2762 1724 2825 quod
1756 2763 1942 2824 optime

245 2839 522 2899 explicatur
565 2838 606 2886 si
645 2838 892 2901 ligaturae
932 2823 984 2885 N
1019 2838 1202 2885 lineam
1239 2838 1598 2886 horizontalem
1635 2837 1840 2898 paulum
1880 2835 1971 2882 ad·

246 2912 495 2960 dexteram
531 2912 830 2960 declinatam
861 2912 1015 2960 fuisse
1047 2912 1292 2974 ponimus.
