2034 3126
711 65 1056 111 PRAEFATIO
1606 67 1738 112 XVII

35 204 296 268 opuscula,
337 203 548 267 denique
588 220 618 251 a
649 206 734 255 fol.
763 200 895 255 123¹)
926 206 1236 269 Apollinaris
1270 206 1516 257 Sidonius.
1579 210 1629 256 et
1659 209 1741 257 hic

34 279 163 328 liber
191 278 319 328 mira
348 279 719 341 pulchritudine
752 282 966 344 scriptus
998 283 1075 329 est
1097 282 1151 328 in
1174 281 1347 329 Italia:
1381 281 1599 331 eiusdem
1623 284 1739 331 scri·

35 353 212 402 barum
235 353 434 402 scholae
457 353 655 402 videtur
679 370 783 404 esse
808 355 950 403 cuius
975 350 1025 416 S,
1050 371 1263 417 quocum
1286 355 1580 405 mendorum
1604 357 1738 406 simi-

36 427 251 477 litudine
282 427 525 476 cohaeret.

110 496 532 552 Vallioclliallus
557 518 754 565 quoque
780 496 843 570 (C
868 504 952 564 95,
976 503 1119 551 nobis
1146 495 1211 571 G)
1235 519 1545 566 papyraceus
1570 506 1736 554 f01.89

34 578 89 625 in
119 576 271 625 Italia
300 577 608 639 conscriptus
640 580 730 638 est,
765 578 1085 642 neglegenter
1117 577 1319 640 quidem
1350 594 1741 642 nonnumquam,

36 651 121 700 sed
153 650 215 698 ab
246 651 444 699 homine
476 650 636 714 docto,
668 651 721 699 id
753 651 887 714 quod
917 651 1159 714 probatur
1190 654 1489 702 coniecturis
1516 670 1573 702 ex
1598 657 1740 716 parte

36 725 241 774 minime
280 725 580 787 spernendis.
642 726 749 788 ipse
788 725 1024 775 librarius
1063 728 1332 790 postquam
1373 727 1592 776 codicem
1629 745 1740 777 con-

38 801 180 863 fecit,
227 814 338 848 cum
385 801 657 863 exemplari
696 816 808 849 eum
848 815 1160 863 comparasse
1198 801 1410 850 videtur.
1481 805 1742 865 praeterea

38 874 316 937 complures
340 873 647 923 diversorum
672 877 954 938 temporum
977 878 1276 925 correctores
1292 891 1467 939 passus
1486 879 1561 926 est
1577 877 1742 936 codex,

37 965 248 1012 quorum
287 948 634 998 adnotationes
669 965 1043 1012 nonnumquam
1075 952 1159 999 vix
1190 949 1581 1015 distinguuntur.
1644 954 1743 1001 sin-

37 1023 170 1087 gulis
215 1023 412 1086 paginis
454 1023 631 1087 scripti
667 1027 784 1072 sunt
822 1039 992 1074 versus
1032 1026 1230 1074 circiter
1269 1027 1352 1074 31.
1414 1030 1615 1089 praeter
1648 1027 1742 1075 Sil-

38 1113 128 1146 vas
171 1113 299 1160 quae
342 1101 538 1147 exstant
576 1099 661 1147 fol.
697 1092 941 1161 1⁸—66b,
989 1100 1211 1148 continet
1247 1099 1374 1148 liber
1411 1101 1743 1150 Achilleidem

35 1168 124 1221 fol.
151 1165 419 1222 66⁸—85b
457 1189 547 1221 nec
577 1189 677 1222 non
709 1175 1045 1237 fragmentum
1075 1175 1250 1223 rustici
1281 1175 1554 1224 calendarii
1586 1179 1742 1225 astro-

38 1246 223 1295 nomici
253 1246 338 1296 fol.
364 1240 647 1296 88⁸—89b.
694 1248 918 1311 reliquae
949 1251 1163 1312 paginae
1194 1249 1340 1298 rebus
1371 1246 1742 1300 memorialibus

39 1321 258 1384 undique
290 1322 537 1386 congesffis
569 1323 845 1385 completae
878 1325 1007 1371 sunt.

114 1395 217 1444 iam
241 1396 392 1445 codex
408 1391 737 1463 Regillensis
768 1398 908 1446 1976
936 1391 1027 1465 (H)
1054 1414 1363 1460 papyraceus
1380 1415 1481 1448 non
1496 1399 1570 1446 ita
1587 1399 1743 1449 nitide

39 1470 257 1533 scriptus
298 1472 519 1519 continet
556 1471 691 1521 foliis
735 1473 839 1520 249
880 1473 1068 1521 formae
1108 1474 1353 1522 maximae
1394 1473 1548 1522 Statii
1580 1473 1744 1523 Silvas

41 1538 150 1611 (fol.
187 1540 408 1612 1—67)
447 1546 624 1595 deinde
666 1543 746 1594 ‘P.
772 1545 990 1596 Victoris
1031 1545 1350 1610 opusculum’
1391 1548 1525 1611 quod
1563 1548 1747 1598 dicitur

40 1618 304 1668 Curiosum
319 1619 456 1670 urbis
475 1614 760 1687 (68-71),
778 1637 925 1684 porro
935 1620 1082 1670 Ovidi
1099 1623 1276 1671 Fastos
1297 1616 1619 1690 (72—152),
1637 1627 1745 1672 tum

38 1693 330 1744 Iuvenalem
359 1694 465 1744 sine
495 1695 645 1744 titulo
679 1689 1040 1763 (153—207)‚
1077 1697 1325 1760 quaedam
1357 1698 1416 1746 de
1448 1698 1745 1747 calendariis

42 1763 403 1836 (208—210),
430 1770 643 1833 denique
669 1786 699 1819 a
723 1771 807 1820 fol.
828 1773 933 1819 214
959 1771 1157 1837 Vergili
1182 1771 1425 1838 Georgica
1448 1773 1553 1821 sine
1576 1773 1743 1822 titulo.

115 1847 217 1892 tres
240 1845 435 1893 restant
456 1844 574 1893 libri
589 1839 862 1907 Vaticani,
887 1862 1095 1908 quorum
1120 1848 1310 1909 primus
1334 1848 1523 1896 formae
1540 1850 1746 1896 octavae

40 1933 249 1967 numero
278 1903 557 1983 insignitus
597 1920 741 1968 3875
776 1914 943 1986 (nobis
975 1914 1025 1987 I)
1056 1923 1171 1983 post
1204 1920 1367 1970 Silvas
1401 1917 1508 1987 (fol.
1539 1916 1744 1988 1—77)

42 1991 177 2041 Stati
213 1993 542 2043 Achilleidem
588 1987 696 2062 (fol.
735 1991 1029 2062 78—100)
1079 1995 1314 2045 continet.
1382 1997 1436 2044 in
1474 1991 1744 2047 Vaticano

42 2068 187 2117 3282
221 2061 320 2134 (K)
362 2095 430 2102 —
470 2068 660 2118 formae
690 2070 938 2118 maximae
968 2074 1044 2119 est
1076 2073 1371 2133 constatque
1402 2071 1536 2120 foliis
1571 2072 1639 2120 89
1673 2099 1747 2105 -—

42 2139 210 2191 Silvae
249 2142 619 2208 coniunguntur
655 2159 768 2193 cum
800 2145 1051 2193 nonnullis
1084 2145 1384 2194 carminibus
1417 2162 1547 2208 quae
1581 2144 1745 2195 Gallio

41 2216 239 2266 cuidam
271 2217 574 2266 tribuuntur.
619 2219 718 2268 fuit
747 2218 875 2267 liber
899 2220 1151 2282 quondam
1176 2220 1387 2269 Antonii
1410 2219 1744 2269 Panormitae.

40 2291 201 2340 multa
224 2290 276 2339 in
301 2307 360 2340 eo
384 2295 632 2342 corrector
654 2293 940 2343 emendavit
965 2287 1099 2362 (Kc).
1143 2296 1245 2343 iam
1269 2294 1421 2344 codex
1444 2289 1744 2346 Vaticanus

42 2366 187 2415 3283
234 2359 347 2434 (Q),
396 2382 545 2430 quem
583 2367 816 2417 librarius
855 2368 935 2417 die
975 2370 1210 2418 vicesimo
1250 2370 1433 2418 mensis
1474 2370 1745 2420 decembris

44 2441 185 2490 1463
202 2441 434 2503 absolvit,
451 2442 582 2491 solas
592 2439 755 2492 Silvas
766 2443 987 2493 continet
998 2444 1079 2492 fol.
1095 2438 1226 2511 84.¹)
1254 2444 1478 2494 codicum
1492 2439 1746 2502 UGHIKQ

41 2514 391 2565 collationibus
431 2518 547 2565 utor
582 2517 645 2566 iis
680 2533 806 2581 quos
838 2518 1255 2568 Foerstemannus
1286 2519 1340 2567 in
1370 2519 1568 2568 Imhofii
1599 2535 1745 2569 usum

40 2589 265 2639 confecit.
339 2591 413 2639 De
446 2590 794 2641 Vallicelliano
850 2586 942 2660 (G)
997 2609 1110 2642 cum
1154 2589 1380 2644 Krohnio
1436 2596 1746 2643 accuratiora

39 2662 99 2714 Κ.
131 2662 188 2712 Κ.
223 2664 404 2714 Mffller
449 2665 701 2728 Jenensis‚
747 2666 806 2716 de
854 2667 1124 2732 Reginensi
1170 2684 1362 2717 mecum
1409 2668 1742 2717 intercedente

119 2838 160 2891 1)
193 2836 251 2882 de
284 2837 444 2882 codice
477 2844 515 2882 K
546 2838 604 2882 cf,
630 2837 828 2893 Nolhac‚
866 2840 940 2885 La
974 2840 1269 2899 bibliotheque
1301 2841 1356 2886 de
1388 2841 1559 2886 Fulvio
1588 2840 1748 2887 Orsini

45 2899 156 2940 1887
190 2911 236 2953 p.
263 2901 371 2953 220,
404 2897 462 2942 de
494 2897 655 2943 codice
687 2902 723 2949 α
755 2898 868 2944 ibid.
896 2914 939 2957 p.
967 2903 1067 2944 241.
1094 2905 1194 2946 364.

129 2978 252 3012 svn-t
277 2978 439 3014 Simu.
480 2980 549 3014 Ed.
567 2981 616 3014 11.
1375 3000 1379 3007 =
1439 2975 1467 3019 b
