2034 3126
699 94 1010 140 SILVARUM
1042 95 1091 138 L.
1117 95 1151 149 Ι,
1176 101 1202 138 3
1732 94 1797 146 21

105 238 235 288 lusit
272 238 324 287 et
362 252 600 288 enormes
640 250 828 285 manus
869 235 949 285 est
988 234 1203 302 experta
1240 233 1489 285 colossos

103 311 229 363 dum
267 327 434 380 vagor
470 311 685 378 aspectu
726 311 975 377 visusque
1012 325 1107 377 per
1146 310 1326 360 omnia
1364 306 1517 373 duco,

103 384 369 438 calcabam
406 385 698 452 necopinus
738 401 880 451 opes,
940 401 1065 435 nam
1105 381 1356 451 splendor
1394 381 1459 433 ab
1500 382 1608 432 alto

10 486 15 491 ·
104 459 306 512 defluus
348 461 399 511 et
435 457 664 511 nitidum
705 458 988 509 referentes
1029 475 1149 509 aera
1186 458 1351 509 testae

103 537 461 587 monstravere
500 533 696 599 solum,
736 535 907 583 varias
948 531 1040 584 ubi
1078 533 1223 600 picta
1259 549 1354 600 per
1393 533 1529 583 artes
1747 543 1802 581 55

102 608 300 679 gaudet
336 608 530 660 humus
571 609 890 675 superatque
928 609 1081 659 novis
1123 609 1333 659 asarota
1369 606 1580 675 figuris:

103 701 357 753 expavere
394 681 606 752 gradus.

714 755 843 825 quid
880 773 1022 807 nunc
1061 757 1341 825 iungentia
1378 758 1537 807 mirer

104 836 197 885 aut
235 831 364 902 quid
400 834 613 901 partitis
654 830 908 883 distantia
944 832 1083 883 tecta
1120 830 1405 882 trichoris?

7 923 11 926 ’
105 907 234 977 quid
271 910 344 975 te,
385 924 519 976 quae
556 904 742 957 mediis
784 907 990 958 servata
1028 904 1308 974 penatibus
1350 904 1507 957 arbor

104 985 243 1035 tecta
279 1000 374 1051 per
412 983 464 1033 et
501 983 681 1050 postes
721 979 951 1049 liquidas
993 982 1216 1049 emergis
1256 983 1315 1031 in
1354 998 1506 1031 auras
1517 1020 1530 1045 ,
1750 991 1805 1030 60

105 1075 210 1127 quo
249 1074 360 1109 non
399 1054 497 1108 sub
538 1055 753 1108 domino
795 1072 973 1107 saevas
1013 1072 1237 1124 passura
1265 1053 1559 1123 bipennes?

14 1188 21 1194 ,
103 1134 157 1184 01
192 1149 336 1184 1111110
373 1133 564 1200 ignaro
603 1130 784 1182 forsan
823 1130 908 1182 vel
946 1129 1151 1182 lubrica
1187 1127 1319 1181 Nais

103 1206 187 1259 vel
225 1224 337 1259 non
375 1205 630 1274 abruptos
670 1203 771 1256 tibi
811 1203 983 1256 demet
1020 1203 1350 1272 Hamadryas
1392 1221 1575 1256 annos

216 1280 345 1350 quid
383 1281 606 1333 referam
645 1280 875 1331 alternas
914 1282 1128 1348 gemino
1171 1297 1328 1348 super
1367 1296 1560 1348 aggere
1598 1295 1806 1330 mensas

103 1354 444 1424 albentesque
484 1356 629 1408 lacus
671 1355 914 1423 altosque
951 1357 1009 1406 in
1047 1356 1262 1423 gurgite
1301 1354 1475 1406 fontes
1751 1364 1806 1404 65

103 1433 282 1500 teque,
319 1449 415 1499 per
454 1429 732 1499 obliquum
770 1431 984 1498 penitus
1026 1446 1160 1497 quae
1198 1427 1391 1480 laberis
1433 1446 1661 1494 amnem,

102 1504 324 1572 Marcia,
364 1508 417 1557 et
455 1504 641 1557 audaci
679 1506 996 1556 transcurris
1037 1502 1259 1555 flumina
1295 1501 1554 1572 plumbo?

102 1598 172 1633 an
211 1581 387 1633 solum
423 1578 590 1633 Ioniis
631 1578 729 1631 sub
769 1577 1019 1631 fluctibus
1058 1577 1230 1630 Elidis
1271 1595 1479 1630 amnem

105 1654 274 1708 dulcis
315 1654 381 1707 ad
420 1652 685 1707 Aetnaeos
726 1653 948 1706 deducat
988 1655 1176 1705 semita
1212 1653 1438 1722 portus?

24 1724 37 1748 '⁹
103 1730 217 1782 illic
253 1732 368 1799 ipse
407 1732 574 1782 antris
614 1726 790 1781 Anien
830 1731 882 1780 et
920 1729 1067 1780 fonte
1106 1729 1291 1780 relicto
1753 1739 1806 1779 70

103 1807 259 1858 nocte
298 1803 396 1856 sub
437 1821 627 1856 arcana
663 1804 882 1873 glaucos
923 1806 1111 1855 exutus
1153 1805 1375 1855 amictus

225 2049 270 2083 51
296 2040 443 2085 locum
467 2039 696 2096 expedivit
720 2038 1024 2085 Schwartzius
1049 2042 1171 2084 1889
1187 2053 1238 2096 Ρ.
1255 2044 1284 2082 6
1308 2040 1382 2096 (cf.
1394 2044 1531 2084 ettam
1548 2039 1810 2084 Karstenus

106 2103 225 2147 1899
248 2115 300 2158 Ρ.
325 2101 434 2156 347‘)
533 2112 764 2144 enormes:
798 2098 1057 2144 informans
1089 2098 1289 2158 Saenyer
1380 2100 1452 2143 est
1484 2099 1698 2155 experta:
1732 2111 1806 2142 ex-

104 2163 299 2217 pertura
329 2159 650 2205 Phalimorius
680 2162 749 2216 (at
778 2160 826 2203 01
856 2159 1104 2215 αόαπάαθε
1138 2158 1299 2203 ederet
1332 2160 1432 2203 arte
1465 2158 1721 2203 Korschius

105 2227 155 2264 εδ
176 2218 518 2265 Mousti-avere:
543 2220 839 2286 constravere
865 2218 1207 2265 Comelissenue
1231 2222 1355 2263 1877
1371 2232 1423 2275 Ρ.
1440 2221 1534 2264 ,977
1623 2226 1671 2261 57
1705 2216 1809 2262 iun-

103 2277 268 2351 3011110
298 2293 341 2323 e:
383 2277 604 2337 ingencia
637 2278 775 2336 (quod
805 2278 1010 2334 defendit
1043 2278 1334 2324 Cartaultius
1366 2281 1487 2323 1904
1514 2291 1562 2335 Ρ.
1589 2281 1701 2332 524,
1739 2291 1808 2322 re-

106 2339 219 2385 unet
247 2339 465 2385 lammam
494 2343 699 2384 statuas
721 2344 827 2396 post
846 2352 885 2383 v.
907 2342 967 2383 57
995 2337 1096 2383 Otto
1123 2342 1302 2396 1887Ρ
1306 2340 1442 2395 .370)
1533 2345 1584 2381 00
1606 2339 1734 2382 tecta
1759 2351 1805 2387 ς.

105 2396 249 2445 Teuta
337 2406 387 2442 ⁸2
411 2397 573 2443 Ε1·01
599 2398 860 2444 Gronovius
950 2398 1115 2455 ignaro
1142 2398 1253 2454 (scil.
1265 2353 1463 2443 domino
1487 2398 1576 2443 abl.
1579 2399 1616 2454 ):
1642 2396 1807 2464 ignoro

106 2458 391 2506 Pouuoemoe.
432 2457 626 2516 ignarae
658 2458 903 2504 Heinsius:
935 2457 1126 2514 ignaros
1159 2457 1331 2503 Kaibel
1361 2461 1481 2503 1894
1506 2471 1556 2515 Ρ.
1584 2460 1663 2502 55.
1698 2455 1714 2500 i

106 2519 238 2564 atrae
268 2518 469 2577 Saenqer
603 2526 653 2561 0⁸
683 2516 775 2563 tibi
805 2519 919 2574 (scil.
945 2518 1118 2573 arbore)
1151 2532 1200 2567 5:
1232 2515 1316 2562 ubi
1455 2516 1632 2562 (1011101.
1666 2516 1724 2561 (10
1761 2517 1809 2561 01

105 2577 331 2625 Heinsius
420 2587 469 2622 04
502 2577 1517 2623 011011100..111011000;00101·1100.,1101100
1550 2577 1672 2622 Saen
1703 2590 1750 2622 er

106 2644 156 2682 σε
194 2636 535 2694 Albentesque·
584 2613 831 2706 algentesq
833 2650 891 2682 110
932 2638 1159 2683 Heinsius
1309 2645 1358 2680 08
1398 2636 1491 2681 An:
1539 2651 1599 2682 110
1707 2636 1808 2681 ake-

105 2696 286 2753 Ιίἀᾶἁιε
378 2706 426 2741 70
456 2696 557 2742 illic
589 2696 691 2754 ipse
724 2695 873 2742 antris
898 2696 1048 2741 Anien
1083 2699 1131 2741 et
1161 2695 1191 2741 f.
1218 2711 1252 2742 r.
1279 2697 1543 2742 Krohnius.
1576 2694 1675 2740 Illis
1707 2695 1756 2754 ip
1759 2709 1808 2740 se

106 2755 256 2802 antris
287 2756 502 2803 anienem
536 2756 705 2814 (Anien
738 2759 786 2802 01
820 2757 1103 2803 Politiamw:
1136 2755 1345 2801 Auienus
1378 2771 1404 2806 ς
1435 2757 1587 2824 vulyo)
1620 2755 1650 2800 f.
1668 2770 1703 2800 1·
1738 2754 1807 2799 111-

8 2818 9 2825 ’
106 2813 212 2862 lici·
242 2815 316 2862 his
349 2816 496 2861 antris
521 2816 750 2862 Anienem
781 2816 901 2877 (et)
926 2816 958 2862 f.
976 2831 1011 2861 r
1031 2817 1352 2863 Phillimorius
1376 2816 1548 2873 (male):
1574 2814 1682 2860 imis
1706 2813 1808 2873 ipse

108 2874 256 2922 antri·
285 2876 439 2921 Anien
472 2879 520 2921 01
550 2875 582 2923 f.
606 2890 640 2921 r.
669 2876 869 2935 Saenqor
975 2884 1017 2919 71
1051 2889 1225 2921 arcana
1258 2891 1307 2926 5.
1341 2877 1528 2921 artano:
1563 2888 1734 2921 arcano
1765 2890 1808 2922 ιιι

106 2934 247 2998 (quod
274 2937 437 2985 retinet
468 2936 787 2985 Phsuimoriuo
818 2936 887 2984 ita
917 2941 971 2984 ut
999 2935 1170 2985 scribat
1202 2935 1351 2985 1100110
1384 2934 1487 2993 ubi,
1520 2936 1652 2992 male)
