2034 3126
712 86 1024 132 SILVARUM
1055 87 1108 133 L.
1132 84 1212 142 IV,
1237 92 1264 131 4
1733 86 1840 139 113

125 225 223 278 hos
264 224 546 277 Praeneste
584 242 813 287 sacrum,
852 243 1039 277 nemus
1079 224 1176 277 hos
1215 225 1441 293 glaciale
1478 223 1703 294 Dianae,
1781 238 1836 278 1⁶

125 298 357 368 Algidus
397 302 490 351 aut
528 299 747 351 horrens
788 302 882 350 aut
919 298 1152 351 Tuscula
1188 301 1427 368 protegit
1464 300 1674 367 umbra,

123 373 339 426 Tiburis
377 373 435 425 hi
473 374 621 426 lucos
661 371 974 442 Anienaque
1012 374 1215 443 frigora
1253 376 1483 442 captant.

123 451 177 500 te
217 465 427 517 quoque
467 448 727 500 clamosae
766 465 1026 516 quaenam
1062 449 1227 516 plaga
1262 450 1446 500 mitior
1483 448 1604 501 urbi

125 522 428 575 subtrahit?
490 525 716 575 aestivos
758 539 863 590 quo
905 521 1101 591 decipis
1142 540 1258 574 aere
1298 522 1475 575 soles?

125 596 255 665 quid
292 600 417 648 tuus
457 599 579 648 mite
618 600 814 663 omnis,
853 599 948 648 tua
986 614 1112 649 cura
1147 599 1449 665 potissima,
1489 596 1699 665 Gallus,
1779 610 1834 650 20

123 689 221 723 nec
258 689 372 723 non
408 674 591 723 noster
629 688 779 724 amor
809 701 882 708 —
914 670 1134 723 dubium
1173 689 1451 724 morumne
1489 671 1796 741 probandus

124 749 397 814 ingeniine
433 745 589 798 bonis
622 746 732 798 —“?
794 744 961 797 Latiis
1002 748 1226 797 aestivat
1262 749 1322 797 in
1361 749 1467 798 oris

123 838 260 872 anne
298 820 642 872 metalliferae
679 822 872 889 repetit
909 823 1016 872 iam
1054 823 1265 872 moenia
1303 817 1484 872 Lunae

122 893 529 963 Tyrrhenasque
568 893 791 947 domos?
853 894 996 963 quod
1036 897 1082 946 si
1120 894 1221 946 tibi
1258 898 1533 963 proximus
1573 895 1774 964 haeret,

121 987 234 1021 non
273 987 372 1038 ego
410 986 554 1021 nunc
591 972 768 1021 vestro
806 970 996 1038 procul
1035 987 1067 1020 a
1104 986 1344 1021 sermone
1383 969 1582 1023 recedo,
1778 983 1833 1024 26

123 1047 327 1095 certum
364 1046 465 1110 est,
503 1042 627 1095 inde
666 1061 828 1096 sonus
867 1047 1107 1113 geminas
1146 1043 1279 1095 mihi
1319 1047 1563 1096 circumit
1600 1062 1766 1098 aures.

123 1117 214 1170 sed
252 1120 335 1184 tu,
375 1117 501 1169 dum
538 1121 706 1170 nimio
744 1136 991 1187 possessa
1027 1117 1336 1186 Hyperione
1373 1117 1566 1188 flagrat

122 1195 277 1245 torva
314 1190 562 1245 Cleonaei
599 1193 726 1245 iuba
765 1193 972 1261 sideris,
1012 1210 1142 1245 exue
1181 1195 1321 1244 curis

122 1269 306 1336 pectus
345 1270 400 1319 et
437 1266 650 1320 assiduo
688 1270 850 1319 temet
888 1268 1063 1319 furare
1100 1266 1287 1320 labori.

122 1345 175 1393 et
214 1344 392 1394 sontes
433 1344 606 1411 operit
642 1342 916 1411 pharetras
957 1359 1241 1410 arcumque
1279 1342 1508 1395 retendit
1777 1357 1835 1397 30

122 1414 353 1468 Parthus
393 1419 446 1468 et
482 1415 628 1468 Eleis
667 1420 856 1486 auriga
892 1416 1166 1470 laboribus
1207 1418 1352 1469 actos

122 1488 333 1559 Alpheo
373 1491 664 1559 permulcet
702 1509 865 1560 equos
906 1494 959 1544 et
995 1494 1182 1544 nostra
1218 1491 1428 1544 fatescit

121 1566 435 1634 laxaturque
474 1565 676 1635 chelys:
737 1569 874 1618 vires
912 1569 1139 1635 instigat
1178 1566 1376 1634 alitque

120 1642 437 1709 tempestiva
473 1643 644 1710 quies,
683 1643 854 1693 maior
891 1643 1016 1710 post
1054 1644 1165 1693 otia
1202 1642 1395 1693 virtus!

119 1715 244 1766 talis
285 1717 498 1767 cantata
534 1714 770 1768 Briseide
808 1718 955 1768 venit
993 1713 1229 1767 Achilles
1775 1729 1830 1769 35

121 1792 293 1842 acrior
330 1792 383 1841 et
420 1792 611 1859 positis
650 1793 827 1859 erupit
862 1793 922 1842 in
951 1789 1184 1843 Hectora
1220 1791 1452 1859 plectris.

120 1866 173 1916 te
212 1880 424 1933 quoque
461 1863 756 1916 flammabit
793 1867 951 1917 tacite
991 1868 1215 1934 repetita
1252 1882 1537 1933 parumper

120 1937 322 1990 desidia
359 1942 412 1990 et
451 1939 638 1991 solitos
675 1957 846 1992 novus
888 1939 1148 1992 exultabis
1188 1942 1247 1991 in
1285 1941 1449 1991 actus.

121 2017 259 2065 certe
296 2016 404 2064 iam
443 2011 624 2066 Latiae
660 2031 773 2066 non
810 2018 1035 2067 miscent
1071 2017 1248 2083 iurgia
1285 2014 1452 2083 leges,

119 2090 173 2140 et
211 2105 393 2156 pacem
431 2091 584 2157 piger
621 2105 791 2141 annus
831 2088 991 2141 habet
1027 2106 1328 2158 messesque
1365 2105 1601 2141 reversae
1770 2102 1829 2143 40

122 2161 366 2215 dimisere
404 2162 594 2215 forum.
654 2180 752 2215 nec
790 2166 898 2215 iam
935 2163 1036 2216 tibi
1075 2163 1234 2215 turba
1271 2180 1480 2215 reorum

119 2235 384 2289 vestibulo
425 2237 736 2306 querulique
775 2241 969 2307 rogant
1007 2239 1146 2290 exire
1186 2239 1425 2305 clientes3

7 2322 10 2370 ζ
47 2360 50 2363 ,
120 2314 290 2363 cessat
329 2314 535 2364 centeni
565 2311 884 2365 moderatrix
924 2312 1112 2365 iudicis
1153 2312 1327 2380 hasta,

239 2510 285 2546 17
318 2502 595 2558 Anienaque
626 2516 675 2552 5:
708 2515 971 2560 amenaque
1061 2511 1108 2547 18
1139 2515 1261 2560 quae
1289 2516 1421 2547 1111111·
1454 2514 1575 2558 quae
1599 2501 1695 2546 iam
1725 2502 1827 2548 Otto

9 2575 11 2578 ⁴
120 2564 246 2607 1887
345 2565 438 2607 538
536 2561 698 2606 mitior
719 2563 940 2620 probum:
972 2561 1143 2607 laetior
1172 2564 1227 2608 ei.
1252 2563 1403 2621 Saeny
1405 2575 1453 2607 er
1549 2569 1600 2605 20
1629 2562 1829 2607 distinxi

181 2575 436 2667 nugonem
310 2635 531 2667 masmana
563 2624 685 2666 1906
706 2625 846 2679 1246
995 2630 1038 2666 21
1079 2622 1371 2679 probandus:
1412 2621 1507 2665 -dis
1540 2622 1828 2667 Kooetliovius

10 2650 15 2718 f
121 2684 244 2726 1876
266 2695 316 2739 p.
344 2684 438 2726 526
527 2689 578 2724 n
609 2681 851 2739 ingeniine
882 2696 930 2732 ς.
963 2681 1203 2740 111301111νο
1293 2682 1444 2727 latiis:
1478 2679 1688 2726 Latiisne
1723 2681 1826 2728 Otto

12 2784 13 2788 ,
120 2742 247 2785 1887
262 2755 313 2798 p
332 2744 424 2787 539
512 2747 563 2784 u
586 2740 798 2799 geminas
821 2741 1035 2800 geminas
1055 2743 1266 2799 (alterum
1281 2756 1382 2800 emp.
1399 2740 1484 2793 11²)
1576 2739 1766 2786 cirumit

12 2830 13 2839 ,
119 2806 168 2843 η
200 2798 378 2870 fraglat
496 2808 548 2843 ω
578 2800 732 2858 operit
763 2814 812 2851 5:
845 2801 1001 2859 aperit
1118 2809 1168 2845 82
1202 2801 1384 2859 Alpheo
1416 2815 1464 2851 5:
1497 2798 1590 2857 Alp
1592 2799 1705 2845 heos

119 2865 171 2902 u
186 2857 355 2917 positis
372 2875 420 2910 5.
437 2859 587 2917 postis
661 2867 710 2904 ⁸7
727 2860 903 2905 tacitae
977 2867 1028 2904 ⁸8
1045 2859 1209 2906 solitos
1226 2875 1275 2912 5:
1261 2816 1468 2906 paolidon
1545 2814 1596 2903 41))
1611 2858 1758 2905 habet
1774 2874 1823 2911 5·

27 2899 30 2917 ⁸
121 2915 251 2963 hbet
339 2927 389 2963 ιι
419 2922 611 2978 rogant:
643 2922 822 2979 negant
853 2921 1162 2966 Burmannus

208 3000 331 3035 bun
355 3002 518 3036 sunan.
559 3001 692 3036 mn.
1527 2997 1555 3039 8
