<?xml version="1.0" encoding="UTF-8"?>
<!DOCTYPE html PUBLIC "-//W3C//DTD XHTML 1.0 Transitional//EN"
    "http://www.w3.org/TR/xhtml1/DTD/xhtml1-transitional.dtd">
<html xmlns="http://www.w3.org/1999/xhtml" xml:lang="en" lang="en">
 <head>
  <title>
</title>
<meta http-equiv="Content-Type" content="text/html;charset=utf-8" />
  <meta name='ocr-system' content='tesseract 3.04.00' />
  <meta name='ocr-capabilities' content='ocr_page ocr_carea ocr_par ocr_line ocrx_word'/>
</head>
<body>
  <div class='ocr_page' id='page_1' title='image "./ppapinistatisilv00statuoft_0094.png"; bbox 0 0 2034 3126; ppageno 0'>
   <div class='ocr_carea' id='block_1_1' title="bbox 245 109 1602 157">
    <p class='ocr_par' dir='ltr' id='par_1_1' title="bbox 245 109 1602 157">
     <span class='ocr_line' id='line_1_1' title="bbox 245 109 1602 157; baseline -0.001 0"><span class='ocrx_word' id='word_1_1' title='bbox 245 112 322 157; x_wconf 87' lang='lat' dir='ltr'>XC</span> <span class='ocrx_word' id='word_1_2' title='bbox 355 129 358 133; x_wconf 90' lang='lat'><em>·</em></span> <span class='ocrx_word' id='word_1_3' title='bbox 594 110 935 157; x_wconf 85' lang='lat' dir='ltr'><strong>PRAEFATIO</strong></span> <span class='ocrx_word' id='word_1_4' title='bbox 967 109 1274 155; x_wconf 84' lang='lat' dir='ltr'><strong>EDITIONIS</strong></span> <span class='ocrx_word' id='word_1_5' title='bbox 1303 110 1602 155; x_wconf 85' lang='lat' dir='ltr'><strong>ALTERIUS</strong></span> 
     </span>
    </p>
   </div>
   <div class='ocr_carea' id='block_1_2' title="bbox 230 250 1936 1058">
    <p class='ocr_par' dir='ltr' id='par_1_2' title="bbox 230 250 1936 1058">
     <span class='ocr_line' id='line_1_2' title="bbox 237 250 1932 314; baseline -0.001 -13"><span class='ocrx_word' id='word_1_6' title='bbox 237 255 486 314; x_wconf 83' lang='lat' dir='ltr'>versatur,</span> <span class='ocrx_word' id='word_1_7' title='bbox 526 251 659 314; x_wconf 92' lang='lat' dir='ltr'>quod</span> <span class='ocrx_word' id='word_1_8' title='bbox 690 251 841 299; x_wconf 86' lang='lat' dir='ltr'>Theb.</span> <span class='ocrx_word' id='word_1_9' title='bbox 866 251 963 298; x_wconf 94' lang='lat' dir='ltr'>XII</span> <span class='ocrx_word' id='word_1_10' title='bbox 990 253 1092 300; x_wconf 86' lang='lat'>177</span> <span class='ocrx_word' id='word_1_11' title='bbox 1133 253 1186 299; x_wconf 88' lang='lat' dir='ltr'>in</span> <span class='ocrx_word' id='word_1_12' title='bbox 1225 250 1450 299; x_wconf 90' lang='lat' dir='ltr'>omnibus</span> <span class='ocrx_word' id='word_1_13' title='bbox 1491 252 1593 300; x_wconf 85' lang='lat' dir='ltr'>suis</span> <span class='ocrx_word' id='word_1_14' title='bbox 1632 251 1771 301; x_wconf 89' lang='lat' dir='ltr'>libris</span> <span class='ocrx_word' id='word_1_15' title='bbox 1805 252 1932 301; x_wconf 88' lang='lat' dir='ltr'>desi-</span> 
     </span>
     <span class='ocr_line' id='line_1_3' title="bbox 239 318 1933 392; baseline 0 -18"><span class='ocrx_word' id='word_1_16' title='bbox 239 327 403 375; x_wconf 86' lang='lat' dir='ltr'>derari</span> <span class='ocrx_word' id='word_1_17' title='bbox 434 325 700 375; x_wconf 89' lang='lat' dir='ltr'>contendit.</span> <span class='ocrx_word' id='word_1_18' title='bbox 752 327 805 373; x_wconf 89' lang='lat' dir='ltr'>at</span> <span class='ocrx_word' id='word_1_19' title='bbox 835 326 888 372; x_wconf 92' lang='lat' dir='ltr'>in</span> <span class='ocrx_word' id='word_1_20' title='bbox 920 325 1083 373; x_wconf 89' lang='lat' dir='ltr'>codice</span> <span class='ocrx_word' id='word_1_21' title='bbox 1107 325 1332 374; x_wconf 85' lang='lat' dir='ltr'>Danielis</span> <span class='ocrx_word' id='word_1_22' title='bbox 1365 318 1460 391; x_wconf 87' lang='lat'>(=</span> <span class='ocrx_word' id='word_1_23' title='bbox 1479 321 1510 375; x_wconf 92' lang='lat' dir='ltr'>b</span> <span class='ocrx_word' id='word_1_24' title='bbox 1539 326 1778 375; x_wconf 90' lang='lat' dir='ltr'>Bernensi</span> <span class='ocrx_word' id='word_1_25' title='bbox 1806 319 1933 392; x_wconf 84' lang='lat'>156)</span> 
     </span>
     <span class='ocr_line' id='line_1_4' title="bbox 238 393 1936 467; baseline 0 -18"><span class='ocrx_word' id='word_1_26' title='bbox 238 401 324 463; x_wconf 92' lang='lat' dir='ltr'>qui</span> <span class='ocrx_word' id='word_1_27' title='bbox 365 403 413 450; x_wconf 91' lang='lat' dir='ltr'>ei</span> <span class='ocrx_word' id='word_1_28' title='bbox 450 402 648 462; x_wconf 85' lang='lat' dir='ltr'>praesto</span> <span class='ocrx_word' id='word_1_29' title='bbox 687 401 807 461; x_wconf 84' lang='lat' dir='ltr'>fuit,</span> <span class='ocrx_word' id='word_1_30' title='bbox 846 401 954 462; x_wconf 89' lang='lat' dir='ltr'>ipse</span> <span class='ocrx_word' id='word_1_31' title='bbox 992 415 1163 449; x_wconf 80' lang='lat' dir='ltr'>versus</span> <span class='ocrx_word' id='word_1_32' title='bbox 1203 399 1413 462; x_wconf 87' lang='lat' dir='ltr'>scriptus</span> <span class='ocrx_word' id='word_1_33' title='bbox 1454 402 1528 448; x_wconf 89' lang='lat' dir='ltr'>est</span> <span class='ocrx_word' id='word_1_34' title='bbox 1559 393 1645 467; x_wconf 84' lang='lat' dir='ltr'>(cf.</span> <span class='ocrx_word' id='word_1_35' title='bbox 1670 401 1936 449; x_wconf 84' lang='lat' dir='ltr'>Thebaidis</span> 
     </span>
     <span class='ocr_line' id='line_1_5' title="bbox 238 468 1933 540; baseline -0.001 -16"><span class='ocrx_word' id='word_1_36' title='bbox 238 476 393 537; x_wconf 85' lang='lat' dir='ltr'>praef.</span> <span class='ocrx_word' id='word_1_37' title='bbox 435 492 482 537; x_wconf 92' lang='lat' dir='ltr'>p.</span> <span class='ocrx_word' id='word_1_38' title='bbox 521 468 705 540; x_wconf 90' lang='lat' dir='ltr'><strong>XVII).</strong></span> <span class='ocrx_word' id='word_1_39' title='bbox 775 475 946 536; x_wconf 85' lang='lat' dir='ltr'>itaque</span> <span class='ocrx_word' id='word_1_40' title='bbox 1000 490 1099 522; x_wconf 92' lang='lat' dir='ltr'>non</span> <span class='ocrx_word' id='word_1_41' title='bbox 1146 476 1248 521; x_wconf 87' lang='lat' dir='ltr'>iam</span> <span class='ocrx_word' id='word_1_42' title='bbox 1293 473 1600 523; x_wconf 72' lang='lat' dir='ltr'><strong>Matritensis</strong></span> <span class='ocrx_word' id='word_1_43' title='bbox 1647 476 1933 538; x_wconf 86' lang='lat' dir='ltr'>apographo</span> 
     </span>
     <span class='ocr_line' id='line_1_6' title="bbox 237 543 1934 616; baseline 0.001 -19"><span class='ocrx_word' id='word_1_44' title='bbox 237 549 544 598; x_wconf 86' lang='lat' dir='ltr'>Politianum</span> <span class='ocrx_word' id='word_1_45' title='bbox 567 564 713 596; x_wconf 89' lang='lat' dir='ltr'>usum</span> <span class='ocrx_word' id='word_1_46' title='bbox 737 563 841 597; x_wconf 90' lang='lat' dir='ltr'>esse</span> <span class='ocrx_word' id='word_1_47' title='bbox 867 575 936 582; x_wconf 92' lang='lat'>-—</span> <span class='ocrx_word' id='word_1_48' title='bbox 963 564 1115 610; x_wconf 86' lang='lat' dir='ltr'>quam</span> <span class='ocrx_word' id='word_1_49' title='bbox 1138 549 1438 596; x_wconf 87' lang='lat' dir='ltr'>sententiam</span> <span class='ocrx_word' id='word_1_50' title='bbox 1460 548 1627 598; x_wconf 82' lang='lat' dir='ltr'><strong>Herm.</strong></span> <span class='ocrx_word' id='word_1_51' title='bbox 1643 550 1711 597; x_wconf 89' lang='grc'>38</span> <span class='ocrx_word' id='word_1_52' title='bbox 1739 543 1934 616; x_wconf 88' lang='grc'>(1903)</span> 
     </span>
     <span class='ocr_line' id='line_1_7' title="bbox 237 622 1936 687; baseline 0.001 -16"><span class='ocrx_word' id='word_1_53' title='bbox 237 641 283 686; x_wconf 91' lang='lat' dir='ltr'>p.</span> <span class='ocrx_word' id='word_1_54' title='bbox 305 625 410 672; x_wconf 85' lang='lat'>468</span> <span class='ocrx_word' id='word_1_55' title='bbox 422 639 491 686; x_wconf 91' lang='lat' dir='ltr'>sq.</span> <span class='ocrx_word' id='word_1_56' title='bbox 518 623 715 671; x_wconf 85' lang='lat' dir='ltr'>defendi</span> <span class='ocrx_word' id='word_1_57' title='bbox 741 649 828 685; x_wconf 88' lang='lat'>—,</span> <span class='ocrx_word' id='word_1_58' title='bbox 857 622 943 671; x_wconf 90' lang='lat' dir='ltr'>sed</span> <span class='ocrx_word' id='word_1_59' title='bbox 965 624 1075 684; x_wconf 90' lang='lat' dir='ltr'>ipso</span> <span class='ocrx_word' id='word_1_60' title='bbox 1099 623 1192 671; x_wconf 89' lang='lat' dir='ltr'>hoc</span> <span class='ocrx_word' id='word_1_61' title='bbox 1217 623 1380 670; x_wconf 88' lang='lat' dir='ltr'>codice</span> <span class='ocrx_word' id='word_1_62' title='bbox 1405 638 1519 671; x_wconf 84' lang='lat' dir='ltr'>vere</span> <span class='ocrx_word' id='word_1_63' title='bbox 1542 622 1799 687; x_wconf 84' lang='lat' dir='ltr'>Poggiano</span> <span class='ocrx_word' id='word_1_64' title='bbox 1825 640 1936 672; x_wconf 88' lang='lat' dir='ltr'>cum</span> 
     </span>
     <span class='ocr_line' id='line_1_8' title="bbox 242 697 1935 759; baseline 0.001 -13"><span class='ocrx_word' id='word_1_65' title='bbox 242 697 557 746; x_wconf 79' lang='lat' dir='ltr'>Thielsohero</span> <span class='ocrx_word' id='word_1_66' title='bbox 612 698 793 747; x_wconf 87' lang='lat' dir='ltr'>statuo.</span> <span class='ocrx_word' id='word_1_67' title='bbox 864 698 1162 759; x_wconf 86' lang='lat' dir='ltr'>apparatum</span> <span class='ocrx_word' id='word_1_68' title='bbox 1215 699 1382 744; x_wconf 87' lang='lat' dir='ltr'>autem</span> <span class='ocrx_word' id='word_1_69' title='bbox 1429 697 1654 746; x_wconf 86' lang='lat' dir='ltr'>criticum</span> <span class='ocrx_word' id='word_1_70' title='bbox 1701 714 1761 746; x_wconf 92' lang='lat' dir='ltr'>ne</span> <span class='ocrx_word' id='word_1_71' title='bbox 1807 714 1935 747; x_wconf 87' lang='lat' dir='ltr'>nunc</span> 
     </span>
     <span class='ocr_line' id='line_1_9' title="bbox 236 766 1936 835; baseline -0.001 -15"><span class='ocrx_word' id='word_1_72' title='bbox 236 772 437 835; x_wconf 88' lang='lat' dir='ltr'>quidem</span> <span class='ocrx_word' id='word_1_73' title='bbox 467 771 602 820; x_wconf 90' lang='lat' dir='ltr'>notis</span> <span class='ocrx_word' id='word_1_74' title='bbox 634 766 710 821; x_wconf 74' lang='lat' dir='ltr'>A*</span> <span class='ocrx_word' id='word_1_75' title='bbox 743 773 829 819; x_wconf 85' lang='lat' dir='ltr'>aut</span> <span class='ocrx_word' id='word_1_76' title='bbox 859 766 907 820; x_wconf 88' lang='lat' dir='ltr'>A</span> <span class='ocrx_word' id='word_1_77' title='bbox 937 786 1140 819; x_wconf 86' lang='lat' dir='ltr'>onerare</span> <span class='ocrx_word' id='word_1_78' title='bbox 1173 771 1302 820; x_wconf 88' lang='lat' dir='ltr'>licet.</span> <span class='ocrx_word' id='word_1_79' title='bbox 1351 771 1436 819; x_wconf 89' lang='lat' dir='ltr'>sed</span> <span class='ocrx_word' id='word_1_80' title='bbox 1469 771 1570 819; x_wconf 85' lang='lat' dir='ltr'>alia</span> <span class='ocrx_word' id='word_1_81' title='bbox 1599 771 1794 821; x_wconf 88' lang='lat' dir='ltr'>ratione</span> <span class='ocrx_word' id='word_1_82' title='bbox 1825 789 1936 820; x_wconf 88' lang='lat' dir='ltr'>eum</span> 
     </span>
     <span class='ocr_line' id='line_1_10' title="bbox 238 845 1935 909; baseline 0 -15"><span class='ocrx_word' id='word_1_83' title='bbox 238 846 545 909; x_wconf 85' lang='lat' dir='ltr'>amplificare</span> <span class='ocrx_word' id='word_1_84' title='bbox 576 862 602 894; x_wconf 93' lang='lat' dir='ltr'>e</span> <span class='ocrx_word' id='word_1_85' title='bbox 632 862 685 894; x_wconf 90' lang='lat' dir='ltr'>re</span> <span class='ocrx_word' id='word_1_86' title='bbox 717 846 880 894; x_wconf 85' lang='lat' dir='ltr'>visum</span> <span class='ocrx_word' id='word_1_87' title='bbox 912 847 1008 893; x_wconf 87' lang='lat' dir='ltr'>est:</span> <span class='ocrx_word' id='word_1_88' title='bbox 1038 845 1092 892; x_wconf 93' lang='lat' dir='ltr'>in</span> <span class='ocrx_word' id='word_1_89' title='bbox 1116 845 1410 894; x_wconf 86' lang='lat' dir='ltr'>coniecturis</span> <span class='ocrx_word' id='word_1_90' title='bbox 1434 847 1654 893; x_wconf 83' lang='lat' dir='ltr'>virorum</span> <span class='ocrx_word' id='word_1_91' title='bbox 1678 846 1935 894; x_wconf 85' lang='lat' dir='ltr'>doctorum</span> 
     </span>
     <span class='ocr_line' id='line_1_11' title="bbox 230 919 1934 983; baseline 0 -15"><span class='ocrx_word' id='word_1_92' title='bbox 230 936 507 983; x_wconf 84' lang='lat' dir='ltr'>earumque</span> <span class='ocrx_word' id='word_1_93' title='bbox 552 919 747 968; x_wconf 91' lang='lat' dir='ltr'>sedibus</span> <span class='ocrx_word' id='word_1_94' title='bbox 787 920 839 968; x_wconf 89' lang='lat' dir='ltr'>in</span> <span class='ocrx_word' id='word_1_95' title='bbox 877 920 1041 983; x_wconf 88' lang='lat' dir='ltr'>priore</span> <span class='ocrx_word' id='word_1_96' title='bbox 1082 919 1297 968; x_wconf 77' lang='lat' dir='ltr'>editione</span> <span class='ocrx_word' id='word_1_97' title='bbox 1337 919 1632 968; x_wconf 77' lang='lat' dir='ltr'>adnotandis</span> <span class='ocrx_word' id='word_1_98' title='bbox 1670 921 1817 969; x_wconf 89' lang='lat' dir='ltr'>nimis</span> <span class='ocrx_word' id='word_1_99' title='bbox 1856 937 1934 968; x_wconf 90' lang='lat' dir='ltr'>me</span> 
     </span>
     <span class='ocr_line' id='line_1_12' title="bbox 237 994 1934 1058; baseline 0.001 -16"><span class='ocrx_word' id='word_1_100' title='bbox 237 1011 443 1058; x_wconf 90' lang='lat' dir='ltr'>parcum</span> <span class='ocrx_word' id='word_1_101' title='bbox 474 994 627 1043; x_wconf 70' lang='lat' dir='ltr'>fuisse</span> <span class='ocrx_word' id='word_1_102' title='bbox 657 994 894 1044; x_wconf 77' lang='lat' dir='ltr'>intellexi.</span> <span class='ocrx_word' id='word_1_103' title='bbox 953 1010 1112 1056; x_wconf 91' lang='lat' dir='ltr'>neque</span> <span class='ocrx_word' id='word_1_104' title='bbox 1145 994 1277 1042; x_wconf 89' lang='lat' dir='ltr'>enim</span> <span class='ocrx_word' id='word_1_105' title='bbox 1308 994 1662 1043; x_wconf 85' lang='lat' dir='ltr'>commentario</span> <span class='ocrx_word' id='word_1_106' title='bbox 1693 998 1934 1058; x_wconf 92' lang='lat' dir='ltr'>perpetuo</span> 
     </span>
    </p>
   </div>
   <div class='ocr_carea' id='block_1_3' title="bbox 236 1068 2034 1444">
    <p class='ocr_par' dir='ltr' id='par_1_3' title="bbox 236 1068 2034 1444">
     <span class='ocr_line' id='line_1_13' title="bbox 238 1068 2034 1132; baseline -0.001 -14"><span class='ocrx_word' id='word_1_107' title='bbox 238 1068 389 1118; x_wconf 87' lang='lat' dir='ltr'>verba</span> <span class='ocrx_word' id='word_1_108' title='bbox 426 1071 603 1132; x_wconf 86' lang='lat' dir='ltr'>poetae</span> <span class='ocrx_word' id='word_1_109' title='bbox 644 1069 888 1131; x_wconf 82' lang='lat' dir='ltr'>explicare</span> <span class='ocrx_word' id='word_1_110' title='bbox 927 1069 1052 1116; x_wconf 89' lang='lat' dir='ltr'>mihi</span> <span class='ocrx_word' id='word_1_111' title='bbox 1089 1068 1244 1117; x_wconf 84' lang='lat' dir='ltr'>licuit.</span> <span class='ocrx_word' id='word_1_112' title='bbox 1306 1070 1475 1116; x_wconf 84' lang='lat' dir='ltr'>tamen</span> <span class='ocrx_word' id='word_1_113' title='bbox 1514 1069 1595 1117; x_wconf 97' lang='grc'>1110</span> <span class='ocrx_word' id='word_1_114' title='bbox 1624 1069 1730 1117; x_wconf 87' lang='grc'>11110</span> <span class='ocrx_word' id='word_1_115' title='bbox 1761 1069 1936 1119; x_wconf 88' lang='lat' dir='ltr'>diffici·</span> <span class='ocrx_word' id='word_1_116' title='bbox 2031 1087 2034 1090; x_wconf 95' lang='lat'>·</span> 
     </span>
     <span class='ocr_line' id='line_1_14' title="bbox 236 1142 2034 1207; baseline -0.001 -15"><span class='ocrx_word' id='word_1_117' title='bbox 236 1143 444 1192; x_wconf 88' lang='lat' dir='ltr'>lioribus</span> <span class='ocrx_word' id='word_1_118' title='bbox 477 1145 793 1207; x_wconf 90' lang='lat' dir='ltr'>potissimum</span> <span class='ocrx_word' id='word_1_119' title='bbox 825 1143 946 1192; x_wconf 92' lang='lat' dir='ltr'>locis</span> <span class='ocrx_word' id='word_1_120' title='bbox 978 1144 1059 1191; x_wconf 85' lang='lat' dir='ltr'>vel</span> <span class='ocrx_word' id='word_1_121' title='bbox 1089 1142 1247 1191; x_wconf 84' lang='lat' dir='ltr'>sicubi</span> <span class='ocrx_word' id='word_1_122' title='bbox 1277 1142 1565 1192; x_wconf 86' lang='lat' dir='ltr'>brevissime</span> <span class='ocrx_word' id='word_1_123' title='bbox 1592 1143 1701 1191; x_wconf 88' lang='lat' dir='ltr'>fieri</span> <span class='ocrx_word' id='word_1_124' title='bbox 1723 1146 1936 1206; x_wconf 87' lang='lat' dir='ltr'>poterat,</span> <span class='ocrx_word' id='word_1_125' title='bbox 2029 1155 2034 1201; x_wconf 71' lang='grc' dir='ltr'><strong>ῑ</strong></span> 
     </span>
     <span class='ocr_line' id='line_1_15' title="bbox 238 1207 2034 1284; baseline 0 -18"><span class='ocrx_word' id='word_1_126' title='bbox 238 1217 703 1281; x_wconf 87' lang='lat' dir='ltr'>interpretationem</span> <span class='ocrx_word' id='word_1_127' title='bbox 735 1217 915 1266; x_wconf 83' lang='lat' dir='ltr'>addere</span> <span class='ocrx_word' id='word_1_128' title='bbox 946 1233 1046 1266; x_wconf 94' lang='lat' dir='ltr'>non</span> <span class='ocrx_word' id='word_1_129' title='bbox 1077 1216 1318 1266; x_wconf 82' lang='lat' dir='ltr'>dubitavi.</span> <span class='ocrx_word' id='word_1_130' title='bbox 1369 1217 1560 1266; x_wconf 85' lang='lat' dir='ltr'>accedit</span> <span class='ocrx_word' id='word_1_131' title='bbox 1591 1218 1724 1281; x_wconf 89' lang='lat' dir='ltr'>quod</span> <span class='ocrx_word' id='word_1_132' title='bbox 1754 1219 1937 1266; x_wconf 91' lang='lat' dir='ltr'>iterum</span> <span class='ocrx_word' id='word_1_133' title='bbox 2026 1207 2034 1284; x_wconf 90' lang='grc' dir='ltr'><em>Ξ</em></span> 
     </span>
     <span class='ocr_line' id='line_1_16' title="bbox 240 1287 2034 1362; baseline -0.001 -21"><span class='ocrx_word' id='word_1_134' title='bbox 240 1293 522 1355; x_wconf 88' lang='lat' dir='ltr'>iterumque</span> <span class='ocrx_word' id='word_1_135' title='bbox 554 1291 755 1341; x_wconf 87' lang='lat' dir='ltr'>eaedem</span> <span class='ocrx_word' id='word_1_136' title='bbox 779 1292 1090 1341; x_wconf 87' lang='lat' dir='ltr'>coniecturae</span> <span class='ocrx_word' id='word_1_137' title='bbox 1113 1292 1327 1354; x_wconf 90' lang='lat' dir='ltr'>proferri</span> <span class='ocrx_word' id='word_1_138' title='bbox 1351 1291 1592 1353; x_wconf 85' lang='lat' dir='ltr'>solebant,</span> <span class='ocrx_word' id='word_1_139' title='bbox 1622 1294 1724 1340; x_wconf 92' lang='lat' dir='ltr'>iam</span> <span class='ocrx_word' id='word_1_140' title='bbox 1749 1293 1936 1341; x_wconf 91' lang='lat' dir='ltr'>dudum</span> <span class='ocrx_word' id='word_1_141' title='bbox 2028 1287 2034 1362; x_wconf 97' lang='lat' dir='ltr'>J</span> 
     </span>
     <span class='ocr_line' id='line_1_17' title="bbox 239 1363 2034 1444; baseline -0.001 -29"><span class='ocrx_word' id='word_1_142' title='bbox 239 1367 301 1416; x_wconf 89' lang='lat' dir='ltr'>ab</span> <span class='ocrx_word' id='word_1_143' title='bbox 326 1367 440 1415; x_wconf 85' lang='lat' dir='ltr'>aliis</span> <span class='ocrx_word' id='word_1_144' title='bbox 465 1368 554 1415; x_wconf 89' lang='lat' dir='ltr'>aut</span> <span class='ocrx_word' id='word_1_145' title='bbox 575 1367 738 1415; x_wconf 88' lang='lat' dir='ltr'>factae</span> <span class='ocrx_word' id='word_1_146' title='bbox 763 1369 852 1415; x_wconf 89' lang='lat' dir='ltr'>aut</span> <span class='ocrx_word' id='word_1_147' title='bbox 873 1367 1134 1414; x_wconf 83' lang='lat' dir='ltr'>refutatae.</span> <span class='ocrx_word' id='word_1_148' title='bbox 1181 1382 1307 1428; x_wconf 85' lang='lat' dir='ltr'>quae</span> <span class='ocrx_word' id='word_1_149' title='bbox 1331 1366 1461 1415; x_wconf 82' lang='lat' dir='ltr'>ratio</span> <span class='ocrx_word' id='word_1_150' title='bbox 1486 1382 1546 1414; x_wconf 94' lang='lat' dir='ltr'>ne</span> <span class='ocrx_word' id='word_1_151' title='bbox 1570 1367 1624 1414; x_wconf 90' lang='lat' dir='ltr'>in</span> <span class='ocrx_word' id='word_1_152' title='bbox 1639 1369 1937 1430; x_wconf 91' lang='lat' dir='ltr'>perpetuum</span> <span class='ocrx_word' id='word_1_153' title='bbox 2023 1363 2034 1444; x_wconf 94' lang='lat' dir='ltr'>J</span> 
     </span>
    </p>
   </div>
   <div class='ocr_carea' id='block_1_4' title="bbox 237 1440 1936 1653">
    <p class='ocr_par' dir='ltr' id='par_1_4' title="bbox 237 1440 1936 1653">
     <span class='ocr_line' id='line_1_18' title="bbox 237 1440 1936 1504; baseline -0.001 -14"><span class='ocrx_word' id='word_1_154' title='bbox 237 1443 542 1503; x_wconf 83' lang='lat' dir='ltr'>servaretur,</span> <span class='ocrx_word' id='word_1_155' title='bbox 588 1441 780 1504; x_wconf 87' lang='lat' dir='ltr'>largius</span> <span class='ocrx_word' id='word_1_156' title='bbox 819 1440 1125 1490; x_wconf 83' lang='lat' dir='ltr'>coniecturas</span> <span class='ocrx_word' id='word_1_157' title='bbox 1165 1442 1388 1490; x_wconf 78' lang='lat' dir='ltr'>virorum</span> <span class='ocrx_word' id='word_1_158' title='bbox 1427 1441 1683 1489; x_wconf 86' lang='lat' dir='ltr'>doctorum</span> <span class='ocrx_word' id='word_1_159' title='bbox 1722 1441 1936 1504; x_wconf 90' lang='lat' dir='ltr'>profudi,</span> 
     </span>
     <span class='ocr_line' id='line_1_19' title="bbox 238 1514 1936 1578; baseline 0 -15"><span class='ocrx_word' id='word_1_160' title='bbox 238 1532 337 1564; x_wconf 93' lang='lat' dir='ltr'>non</span> <span class='ocrx_word' id='word_1_161' title='bbox 377 1517 522 1578; x_wconf 86' lang='lat' dir='ltr'>quasi</span> <span class='ocrx_word' id='word_1_162' title='bbox 553 1530 635 1564; x_wconf 88' lang='lat' dir='ltr'>eas</span> <span class='ocrx_word' id='word_1_163' title='bbox 668 1531 794 1577; x_wconf 91' lang='lat' dir='ltr'>quas</span> <span class='ocrx_word' id='word_1_164' title='bbox 827 1516 977 1564; x_wconf 86' lang='lat' dir='ltr'>attuli</span> <span class='ocrx_word' id='word_1_165' title='bbox 1007 1531 1174 1564; x_wconf 89' lang='lat' dir='ltr'>omnes</span> <span class='ocrx_word' id='word_1_166' title='bbox 1205 1514 1487 1578; x_wconf 85' lang='lat' dir='ltr'>probabiles</span> <span class='ocrx_word' id='word_1_167' title='bbox 1518 1515 1812 1577; x_wconf 85' lang='lat' dir='ltr'>iudicarem,</span> <span class='ocrx_word' id='word_1_168' title='bbox 1850 1515 1936 1565; x_wconf 88' lang='lat' dir='ltr'>sed</span> 
     </span>
     <span class='ocr_line' id='line_1_20' title="bbox 240 1589 1936 1653; baseline 0.001 -16"><span class='ocrx_word' id='word_1_169' title='bbox 240 1591 427 1652; x_wconf 85' lang='lat' dir='ltr'>partim</span> <span class='ocrx_word' id='word_1_170' title='bbox 451 1605 512 1637; x_wconf 93' lang='lat' dir='ltr'>ne</span> <span class='ocrx_word' id='word_1_171' title='bbox 535 1591 721 1638; x_wconf 90' lang='lat' dir='ltr'>iterum</span> <span class='ocrx_word' id='word_1_172' title='bbox 743 1590 1097 1653; x_wconf 85' lang='lat' dir='ltr'>proferrentur.</span> <span class='ocrx_word' id='word_1_173' title='bbox 1139 1606 1255 1638; x_wconf 83' lang='lat' dir='ltr'>nam</span> <span class='ocrx_word' id='word_1_174' title='bbox 1272 1605 1576 1652; x_wconf 84' lang='lat' dir='ltr'>quamquam</span> <span class='ocrx_word' id='word_1_175' title='bbox 1595 1589 1745 1638; x_wconf 85' lang='lat' dir='ltr'>verba</span> <span class='ocrx_word' id='word_1_176' title='bbox 1759 1592 1936 1652; x_wconf 83' lang='lat' dir='ltr'>poetae</span> 
     </span>
    </p>
   </div>
   <div class='ocr_carea' id='block_1_5' title="bbox 237 1663 2034 1875">
    <p class='ocr_par' dir='ltr' id='par_1_5' title="bbox 237 1663 2034 1875">
     <span class='ocr_line' id='line_1_21' title="bbox 237 1663 2034 1737; baseline 0.001 -25"><span class='ocrx_word' id='word_1_177' title='bbox 237 1664 291 1712; x_wconf 89' lang='lat' dir='ltr'>in</span> <span class='ocrx_word' id='word_1_178' title='bbox 323 1664 488 1713; x_wconf 87' lang='lat' dir='ltr'>codice</span> <span class='ocrx_word' id='word_1_179' title='bbox 520 1680 615 1712; x_wconf 91' lang='lat' dir='ltr'>non</span> <span class='ocrx_word' id='word_1_180' title='bbox 651 1667 885 1728; x_wconf 87' lang='lat' dir='ltr'>corrupta</span> <span class='ocrx_word' id='word_1_181' title='bbox 915 1664 1040 1712; x_wconf 89' lang='lat' dir='ltr'>mihi</span> <span class='ocrx_word' id='word_1_182' title='bbox 1071 1664 1315 1725; x_wconf 87' lang='lat' dir='ltr'>videntur,</span> <span class='ocrx_word' id='word_1_183' title='bbox 1346 1663 1398 1712; x_wconf 90' lang='lat' dir='ltr'>id</span> <span class='ocrx_word' id='word_1_184' title='bbox 1423 1665 1556 1726; x_wconf 92' lang='lat' dir='ltr'>quod</span> <span class='ocrx_word' id='word_1_185' title='bbox 1581 1681 1639 1712; x_wconf 88' lang='lat' dir='ltr'>ex</span> <span class='ocrx_word' id='word_1_186' title='bbox 1661 1666 1803 1712; x_wconf 88' lang='lat' dir='ltr'>textu</span> <span class='ocrx_word' id='word_1_187' title='bbox 1826 1680 1935 1727; x_wconf 89' lang='lat' dir='ltr'>meo</span> <span class='ocrx_word' id='word_1_188' title='bbox 2022 1696 2034 1737; x_wconf 69' lang='lat'>3.</span> 
     </span>
     <span class='ocr_line' id='line_1_22' title="bbox 239 1738 1936 1803; baseline 0.001 -17"><span class='ocrx_word' id='word_1_189' title='bbox 239 1739 574 1803; x_wconf 78' lang='lat' dir='ltr'>cognoscitur,</span> <span class='ocrx_word' id='word_1_190' title='bbox 614 1740 782 1787; x_wconf 87' lang='lat' dir='ltr'>tamen</span> <span class='ocrx_word' id='word_1_191' title='bbox 822 1755 852 1786; x_wconf 89' lang='lat' dir='ltr'>a</span> <span class='ocrx_word' id='word_1_192' title='bbox 890 1739 1062 1788; x_wconf 89' lang='lat' dir='ltr'>multis</span> <span class='ocrx_word' id='word_1_193' title='bbox 1095 1738 1154 1787; x_wconf 91' lang='lat' dir='ltr'>de</span> <span class='ocrx_word' id='word_1_194' title='bbox 1186 1738 1255 1787; x_wconf 88' lang='lat' dir='ltr'>eis</span> <span class='ocrx_word' id='word_1_195' title='bbox 1288 1738 1570 1787; x_wconf 82' lang='lat' dir='ltr'>dubitatum</span> <span class='ocrx_word' id='word_1_196' title='bbox 1601 1754 1706 1788; x_wconf 89' lang='lat' dir='ltr'>esse</span> <span class='ocrx_word' id='word_1_197' title='bbox 1738 1739 1936 1788; x_wconf 90' lang='lat' dir='ltr'>lectoris</span> 
     </span>
     <span class='ocr_line' id='line_1_23' title="bbox 237 1805 2034 1875; baseline 0.001 -15"><span class='ocrx_word' id='word_1_198' title='bbox 237 1813 374 1861; x_wconf 89' lang='lat' dir='ltr'>haud</span> <span class='ocrx_word' id='word_1_199' title='bbox 412 1814 512 1861; x_wconf 90' lang='lat' dir='ltr'>scio</span> <span class='ocrx_word' id='word_1_200' title='bbox 554 1829 617 1860; x_wconf 91' lang='lat' dir='ltr'>an</span> <span class='ocrx_word' id='word_1_201' title='bbox 657 1813 781 1861; x_wconf 88' lang='lat' dir='ltr'>scire</span> <span class='ocrx_word' id='word_1_202' title='bbox 813 1813 1022 1862; x_wconf 90' lang='lat' dir='ltr'>intersit.</span> <span class='ocrx_word' id='word_1_203' title='bbox 1087 1811 1219 1875; x_wconf 90' lang='lat' dir='ltr'>quod</span> <span class='ocrx_word' id='word_1_204' title='bbox 1249 1829 1367 1862; x_wconf 86' lang='lat' dir='ltr'>vero</span> <span class='ocrx_word' id='word_1_205' title='bbox 1398 1813 1612 1862; x_wconf 88' lang='lat' dir='ltr'>indicem</span> <span class='ocrx_word' id='word_1_206' title='bbox 1645 1829 1817 1862; x_wconf 91' lang='lat' dir='ltr'>eorum</span> <span class='ocrx_word' id='word_1_207' title='bbox 1849 1814 1938 1875; x_wconf 88' lang='lat' dir='ltr'>qui</span> <span class='ocrx_word' id='word_1_208' title='bbox 2032 1805 2034 1839; x_wconf 50' lang='grc' dir='ltr'><em>Ξ</em></span> 
     </span>
    </p>
   </div>
   <div class='ocr_carea' id='block_1_6' title="bbox 240 1886 1937 1952">
    <p class='ocr_par' dir='ltr' id='par_1_6' title="bbox 240 1886 1937 1952">
     <span class='ocr_line' id='line_1_24' title="bbox 240 1886 1937 1952; baseline 0.001 -18"><span class='ocrx_word' id='word_1_209' title='bbox 240 1887 299 1935; x_wconf 91' lang='lat' dir='ltr'>de</span> <span class='ocrx_word' id='word_1_210' title='bbox 326 1887 457 1936; x_wconf 85' lang='lat' dir='ltr'>Stati</span> <span class='ocrx_word' id='word_1_211' title='bbox 483 1886 633 1935; x_wconf 86' lang='lat' dir='ltr'>Silvis</span> <span class='ocrx_word' id='word_1_212' title='bbox 658 1888 975 1950; x_wconf 83' lang='lat' dir='ltr'>scripserunt,</span> <span class='ocrx_word' id='word_1_213' title='bbox 1005 1903 1127 1951; x_wconf 88' lang='lat' dir='ltr'>quos</span> <span class='ocrx_word' id='word_1_214' title='bbox 1154 1886 1352 1949; x_wconf 90' lang='lat' dir='ltr'>quidem</span> <span class='ocrx_word' id='word_1_215' title='bbox 1376 1903 1467 1952; x_wconf 85' lang='lat' dir='ltr'>ego</span> <span class='ocrx_word' id='word_1_216' title='bbox 1491 1889 1729 1950; x_wconf 85' lang='lat' dir='ltr'>noverim,</span> <span class='ocrx_word' id='word_1_217' title='bbox 1754 1887 1937 1951; x_wconf 80' lang='lat' dir='ltr'>addidi,</span> 
     </span>
    </p>
   </div>
   <div class='ocr_carea' id='block_1_7' title="bbox 239 1961 2012 2026">
    <p class='ocr_par' dir='ltr' id='par_1_7' title="bbox 239 1961 2012 2026">
     <span class='ocr_line' id='line_1_25' title="bbox 239 1961 2012 2026; baseline 0 -16"><span class='ocrx_word' id='word_1_218' title='bbox 239 1977 297 2010; x_wconf 91' lang='lat' dir='ltr'>eo</span> <span class='ocrx_word' id='word_1_219' title='bbox 331 1963 487 2026; x_wconf 85' lang='lat' dir='ltr'>magis</span> <span class='ocrx_word' id='word_1_220' title='bbox 519 1961 785 2023; x_wconf 87' lang='lat' dir='ltr'>probatum</span> <span class='ocrx_word' id='word_1_221' title='bbox 812 1962 880 2011; x_wconf 80' lang='lat' dir='ltr'>iri</span> <span class='ocrx_word' id='word_1_222' title='bbox 903 1977 1059 2025; x_wconf 89' lang='lat' dir='ltr'>spero,</span> <span class='ocrx_word' id='word_1_223' title='bbox 1093 1962 1227 2025; x_wconf 89' lang='lat' dir='ltr'>quod</span> <span class='ocrx_word' id='word_1_224' title='bbox 1250 1965 1498 2011; x_wconf 86' lang='lat' dir='ltr'>crescente</span> <span class='ocrx_word' id='word_1_225' title='bbox 1522 1962 1572 2010; x_wconf 91' lang='lat' dir='ltr'>in</span> <span class='ocrx_word' id='word_1_226' title='bbox 1599 1962 1701 2012; x_wconf 89' lang='lat' dir='ltr'>dies</span> <span class='ocrx_word' id='word_1_227' title='bbox 1726 1963 1936 2010; x_wconf 84' lang='lat' dir='ltr'>materia</span> <span class='ocrx_word' id='word_1_228' title='bbox 2009 1975 2012 1979; x_wconf 86' lang='lat'>·</span> 
     </span>
    </p>
   </div>
   <div class='ocr_carea' id='block_1_8' title="bbox 238 2032 1936 2173">
    <p class='ocr_par' dir='ltr' id='par_1_8' title="bbox 238 2032 1936 2173">
     <span class='ocr_line' id='line_1_26' title="bbox 238 2032 1936 2100; baseline -0.001 -15"><span class='ocrx_word' id='word_1_229' title='bbox 238 2037 292 2084; x_wconf 89' lang='lat' dir='ltr'>in</span> <span class='ocrx_word' id='word_1_230' title='bbox 331 2036 622 2100; x_wconf 85' lang='lat' dir='ltr'>vulgaribus</span> <span class='ocrx_word' id='word_1_231' title='bbox 661 2035 803 2085; x_wconf 90' lang='lat' dir='ltr'>libris</span> <span class='ocrx_word' id='word_1_232' title='bbox 843 2036 902 2084; x_wconf 91' lang='lat' dir='ltr'>de</span> <span class='ocrx_word' id='word_1_233' title='bbox 941 2032 1124 2085; x_wconf 85' lang='lat' dir='ltr'>litteris</span> <span class='ocrx_word' id='word_1_234' title='bbox 1156 2036 1394 2085; x_wconf 85' lang='lat' dir='ltr'>Romanis</span> <span class='ocrx_word' id='word_1_235' title='bbox 1434 2036 1726 2099; x_wconf 84' lang='lat' dir='ltr'>conscriptis</span> <span class='ocrx_word' id='word_1_236' title='bbox 1763 2052 1819 2085; x_wconf 85' lang='lat' dir='ltr'>ea</span> <span class='ocrx_word' id='word_1_237' title='bbox 1851 2035 1936 2085; x_wconf 85' lang='lat' dir='ltr'>ad-</span> 
     </span>
     <span class='ocr_line' id='line_1_27' title="bbox 239 2111 1183 2173; baseline 0.001 -15"><span class='ocrx_word' id='word_1_238' title='bbox 239 2111 406 2158; x_wconf 89' lang='lat' dir='ltr'>notari</span> <span class='ocrx_word' id='word_1_239' title='bbox 436 2127 535 2159; x_wconf 89' lang='lat' dir='ltr'>non</span> <span class='ocrx_word' id='word_1_240' title='bbox 565 2126 709 2173; x_wconf 90' lang='lat' dir='ltr'>posse</span> <span class='ocrx_word' id='word_1_241' title='bbox 741 2112 1064 2159; x_wconf 87' lang='lat' dir='ltr'>manifestum</span> <span class='ocrx_word' id='word_1_242' title='bbox 1097 2113 1183 2160; x_wconf 86' lang='lat' dir='ltr'>est.</span> 
     </span>
    </p>
   </div>
   <div class='ocr_carea' id='block_1_9' title="bbox 317 2228 1892 2294">
    <p class='ocr_par' dir='ltr' id='par_1_9' title="bbox 317 2228 1892 2294">
     <span class='ocr_line' id='line_1_28' title="bbox 317 2228 1892 2294; baseline 0 -18"><span class='ocrx_word' id='word_1_243' title='bbox 317 2228 601 2278; x_wconf 83' lang='lat' dir='ltr'>Scribebam</span> <span class='ocrx_word' id='word_1_244' title='bbox 633 2229 956 2294; x_wconf 84' lang='lat' dir='ltr'>Argentorati</span> <span class='ocrx_word' id='word_1_245' title='bbox 987 2245 1030 2278; x_wconf 87' lang='lat' dir='ltr'>a.</span> <span class='ocrx_word' id='word_1_246' title='bbox 1057 2229 1100 2279; x_wconf 90' lang='lat' dir='ltr'>d.</span> <span class='ocrx_word' id='word_1_247' title='bbox 1126 2229 1249 2277; x_wconf 84' lang='lat' dir='ltr'><strong>XIII</strong></span> <span class='ocrx_word' id='word_1_248' title='bbox 1279 2229 1390 2278; x_wconf 88' lang='lat' dir='ltr'>Kal.</span> <span class='ocrx_word' id='word_1_249' title='bbox 1414 2229 1556 2279; x_wconf 84' lang='lat' dir='ltr'>Febr.</span> <span class='ocrx_word' id='word_1_250' title='bbox 1582 2231 1700 2278; x_wconf 89' lang='lat' dir='ltr'>anni</span> <span class='ocrx_word' id='word_1_251' title='bbox 1734 2231 1892 2277; x_wconf 87' lang='lat'>1911.</span> 
     </span>
    </p>
   </div>
   <div class='ocr_carea' id='block_1_10' title="bbox 1382 2416 1862 2473">
    <p class='ocr_par' dir='ltr' id='par_1_10' title="bbox 1382 2416 1862 2473">
     <span class='ocr_line' id='line_1_29' title="bbox 1382 2416 1862 2473; baseline -0.004 0"><span class='ocrx_word' id='word_1_252' title='bbox 1382 2416 1642 2473; x_wconf 70' lang='lat' dir='ltr'>Alfreclus</span> <span class='ocrx_word' id='word_1_253' title='bbox 1682 2417 1862 2472; x_wconf 86' lang='lat' dir='ltr'>Klotz.</span> 
     </span>
    </p>
   </div>
  </div>
 </body>
</html>
