2034 3126
266 67 373 112 XVI
940 64 1285 110 PRAEFATIO

266 208 312 253 V
339 209 387 267 5,
415 208 592 254 1-38
633 233 705 239 -
745 205 830 253 diu
868 205 1089 254 virorum
1130 205 1388 254 doctorum
1422 206 1660 259 iudicium
1693 202 1966 255 frustratus

268 283 355 330 est.
396 283 604 329 exeunte
628 280 824 328 saeculo
848 279 973 327 XIII
997 296 1108 327 eum
1132 282 1390 328 exaratum
1415 295 1519 329 esse
1536 281 1730 342 placuit
1748 281 1965 338 Queckio

269 350 353 422 (cf.
372 355 489 403 edit.
507 355 661 417 praef.
679 351 827 417 p.V);
857 370 957 402 non
991 356 1105 401 ante
1137 354 1324 402 saeculi
1355 355 1520 416 quinti
1551 355 1730 402 decimi
1759 355 1967 402 alteram

267 432 463 493 partem
486 445 600 477 eum
624 444 728 476 esse
753 431 915 476 ortum
941 427 1044 475 iam
1068 429 1276 476 constat.
1315 431 1514 491 praeter
1535 445 1759 494 errorum
1776 429 1966 490 primae

267 520 443 552 manus
483 502 850 551 emendationes
890 517 1033 549 rarae
1065 502 1302 565 leguntur
1334 502 1541 551 alterius
1573 518 1748 550 manus
1782 518 1966 551 correc-

267 580 409 626 turae
440 571 523 638 32,
561 578 747 639 partim
784 578 918 624 inter
955 576 1136 636 lineas,
1175 575 1362 638 partim
1399 578 1453 623 in
1492 578 1718 640 margine
1751 577 1966 626 additae.

267 651 503 700 librarius
527 651 662 698 haud
683 651 855 712 paucis
880 665 997 698 usus
1022 652 1100 698 est
1123 649 1444 712 compendiis,
1472 651 1557 698 sed
1582 653 1652 699 eis
1676 650 1967 714 vulgaribus

269 742 478 789 eumque
518 741 618 773 non
652 724 804 772 fuisse
836 724 999 773 virum
1031 723 1231 772 doctum
1263 724 1419 773 cuivis
1450 725 1738 789 intellegere
1769 741 1968 787 promp-

266 801 516 849 tissimum
564 801 651 848 est.
721 798 953 863 graviora
1004 798 1133 861 elegi
1179 799 1402 860 exempla
1447 799 1814 861 imprudentiae
1862 801 1967 847 eius

269 875 350 923 vel
396 874 741 938 neglegentiae
787 872 908 920 haec
955 888 1013 920 ex
1058 873 1207 934 primi
1254 872 1371 920 libri
1419 873 1719 921 carminibus
1758 873 1968 920 I—IV:

267 950 294 998 I
320 953 367 1011 1,
394 950 459 996 27
498 949 650 1008 captis
681 947 902 1008 datisque
933 940 1183 1013 (dacisque
1213 939 1321 1013 R2).
1386 948 1454 995 38
1485 951 1656 1007 yrevat
1686 940 1833 1008 (corr.
1859 940 1968 1013 R2).

272 1025 337 1071 51
389 1025 567 1071 crimen
616 1016 729 1088 (pro
776 1013 995 1087 crinem).
1070 1023 1098 1068 7
1107 1022 1136 1069 9
1177 1021 1461 1070 Rumuleae.
1535 1023 1602 1069 92
1646 1022 1818 1069 horror
1857 1015 1969 1087 (pro

270 1091 372 1165 a).
439 1098 541 1146 106
575 1098 702 1146 vivet
732 1088 845 1162 (pro
875 1091 1043 1158 iuvet)
1105 1095 1132 1142 1
1157 1096 1259 1157 2,1
1297 1097 1407 1143 lacu
1439 1089 1834 1162 (zatuR2).18
1867 1111 1971 1143 ma-

268 1173 394 1221 milia
426 1168 573 1238 (corr
598 1164 704 1232 R2).
761 1171 831 1218 40
864 1173 1056 1218 traueos
1093 1166 1204 1231 (pro
1235 1162 1478 1236 cyaneos).
1535 1171 1603 1217 49
1640 1173 1797 1218 errato
1822 1163 1969 1236 (corr

269 1239 376 1312 ΒΞ).
427 1247 493 1294 63
521 1260 629 1293 voce
654 1238 767 1311 (pro
791 1237 965 1308 dulce).
1017 1245 1084 1292 86
1103 1245 1304 1304 patebat
1327 1237 1471 1310 (corr.
1485 1237 1592 1310 ΗΒ).
1644 1244 1711 1292 89
1731 1245 1969 1292 Pmeulsi.

273 1323 337 1368 91
388 1323 692 1379 trausyessus
739 1311 884 1385 (corr.
921 1310 1027 1384 ΒΞ).
1102 1320 1167 1365 91
1212 1318 1403 1367 durase.
1478 1319 1545 1366 95
1587 1320 1659 1366 ire
1698 1311 1812 1384 (pro
1851 1315 1970 1385 ille).

275 1396 378 1443 128
403 1395 566 1443 vincla
590 1387 702 1460 (pro
724 1392 897 1457 Iuda).
949 1393 1052 1440 152
1080 1394 1312 1440 colemuis.
1366 1393 1466 1441 161
1494 1395 1714 1441 reclivcn.
1763 1394 1866 1440 173
1893 1394 1971 1440 de-

271 1471 438 1518 dicere.
491 1469 593 1516 175
614 1469 819 1516 attolere.
871 1468 973 1515 187
994 1481 1199 1515 rerrum.
1252 1469 1352 1515 191
1369 1469 1648 1527 possuisset.
1693 1469 1795 1515 199
1813 1468 1972 1528 hyllas

271 1538 418 1610 (corr
451 1536 558 1610 R2).
623 1544 728 1591 204
775 1541 957 1590 Annus
1004 1535 1140 1607 (pro
1148 1535 1372 1608 Amnis).
1438 1542 1542 1589 206
1583 1542 1811 1602 ploratus
1857 1534 1972 1608 (pro

264 1611 528 1682 prolatus).
615 1618 717 1664 211
783 1617 1009 1665 cuuubia.
1097 1617 1200 1663 236
1257 1629 1487 1675 verosque
1541 1609 1655 1700 (pro
1708 1608 1971 1680 utrosque).

273 1693 377 1741 238
418 1694 701 1740 intauctum.
766 1692 872 1739 249
913 1691 1171 1739 redimitta.
1231 1690 1259 1738 I
1285 1691 1332 1752 3,
1358 1691 1428 1739 30
1469 1692 1601 1750 equis
1640 1684 1754 1756 (pro
1791 1683 1970 1755 aquis).

273 1768 341 1815 54
404 1767 667 1827 deferentes
719 1779 865 1813 aerea
919 1758 1032 1832 (pro
1086 1766 1344 1825 referentes
1395 1758 1551 1830 aera).
1640 1765 1706 1813 56
1762 1765 1972 1826 fuywris.

274 1844 302 1890 7
311 1842 340 1889 8
390 1855 628 1889 accessere
674 1833 787 1906 (pro
835 1833 1112 1906 accersere).
1181 1839 1207 1887 I
1240 1841 1288 1900 4,
1322 1840 1352 1886 8
1400 1839 1573 1888 Exivit
1619 1832 1734 1905 (pro
1776 1832 1971 1905 Exuit)

273 1917 338 1964 31
374 1916 515 1974 ceteri
546 1909 660 1981 (pro
689 1908 891 1979 Cereri).
949 1914 1016 1962 52
1043 1917 1282 1962 cantante.
1340 1915 1407 1961 92
1434 1915 1597 1962 temeti.
1656 1914 1758 1962 103
1784 1911 1974 1973 Spuma

269 1992 354 2038 tui.
420 1991 523 2038 113
564 2005 639 2037 me
677 1991 829 2037 tueris
866 1983 981 2054 (pro
1019 1982 1309 2054 metuentis).
1370 2004 1526 2036 unum
1564 1987 1717 2035 nolim
1753 1987 1973 2048 praeter-

270 2066 493 2125 mittere,
533 2063 666 2126 quod
702 2063 851 2111 huius
890 2062 1006 2111 libri
1046 2064 1304 2124 proprium
1337 2065 1432 2110 est:
1473 2061 1669 2125 saepius
1702 2061 1833 2108 enim
1863 2062 1973 2124 ipsa

274 2133 447 2187 littera
477 2138 688 2186 initialis
719 2137 999 2185 minuscula
1030 2138 1193 2184 forma
1222 2138 1437 2199 repetita
1469 2138 1556 2185 est.
1603 2135 1784 2183 mirum
1809 2138 1976 2183 autem

274 2215 363 2274 est,
395 2212 531 2274 quod
560 2214 614 2260 in
644 2212 827 2260 litteris
863 2212 908 2258 T
935 2213 986 2259 et
1017 2211 1070 2258 E
1099 2212 1215 2259 solis
1246 2211 1340 2259 hoc
1372 2213 1562 2258 factum
1593 2207 1691 2258 est.⁴
1734 2210 1823 2258 hos
1856 2225 1972 2258 vero

273 2288 510 2349 exscripsi
540 2287 695 2335 locos:
728 2286 753 2333 I
773 2288 820 2347 1,
838 2287 906 2334 88
940 2286 994 2332 E
1020 2287 1246 2346 explores.
1293 2286 1320 2333 I
1339 2287 1386 2346 2,
1405 2287 1471 2334 81
1507 2285 1559 2332 E
1590 2299 1645 2332 ex
1669 2278 1717 2350 (e
1741 2300 1846 2346 exp.
1863 2277 1972 2350 R2).

270 2361 323 2410 II
343 2364 389 2422 1,
409 2363 475 2409 23
513 2361 559 2408 Τ
585 2365 732 2422 teque.
788 2360 842 2408 H
861 2363 908 2422 1,
929 2362 1029 2408 177
1068 2361 1115 2407 T
1140 2361 1416 2408 transvehit.
1471 2359 1546 2407 IV
1564 2361 1612 2421 2,
1632 2361 1697 2407 36
1735 2359 1782 2405 T
1808 2359 1972 2418 tripto-

271 2437 383 2484 lemi
407 2429 522 2502 (hoc
546 2436 655 2483 loco
678 2435 812 2483 idem
835 2436 997 2483 exstat
1026 2435 1079 2481 in
1102 2428 1190 2500 M).
1245 2434 1321 2481 IV
1340 2435 1388 2495 2,
1407 2435 1474 2482 53
1504 2434 1550 2481 T
1570 2434 1695 2481 talis.
1740 2432 1846 2494 Vl,
1868 2433 1970 2480 196

279 2511 326 2558 T
360 2509 621 2558 transtullt.
683 2511 902 2558 ceterum
933 2508 1159 2556 codicum
1191 2503 1335 2557 BSR
1367 2509 1656 2556 collationes
1689 2522 1719 2554 a
1750 2506 1972 2554 Krohnio

275 2599 375 2646 qua
406 2585 535 2633 solet
565 2583 828 2647 diligentia
860 2583 1113 2631 confectae
1144 2583 1270 2630 mihi
1300 2584 1498 2644 praesto
1531 2583 1659 2630 sunt.

346 2660 449 2706 iam
480 2659 569 2721 qui
597 2659 790 2706 restant
820 2657 1025 2718 codiceS,
1057 2657 1243 2705 Romae
1270 2658 1639 2705 conservantur.
1685 2654 1873 2717 primus
1899 2657 1974 2703 est

272 2727 507 2782 Urbinas
551 2733 654 2780 649
703 2725 817 2798 (U),
865 2747 1012 2793 quem
1052 2730 1375 2779 Schenkelius
1414 2732 1467 2778 in
1505 2730 1719 2778 Ausonii
1759 2729 1974 2777 editione

274 2824 320 2870 p.
354 2807 491 2855 XXV
539 2806 820 2868 descripsit:
867 2807 1056 2854 formae
1098 2808 1173 2853 est
1211 2806 1455 2853 maximae
1494 2804 1599 2852 foll.
1636 2803 1755 2851 176.
1819 2802 1974 2851 conti-

273 2883 455 2929 nentur
500 2896 556 2929 eo
603 2881 636 2928 f.
674 2882 900 2928 12—702
940 2879 1073 2928 Stati
1113 2879 1301 2942 Silvae,
1348 2880 1382 2927 f.
1419 2879 1720 2926 712—1232
1765 2876 1975 2925 Ausonii
