2034 3126
775 52 1119 99 PRAEFATIO
1693 53 1803 98 XIII

99 214 234 247 mum
267 212 390 247 cano
422 197 703 245 atramento
734 198 884 259 usum
915 195 1057 259 signo
1088 187 1163 244 Μ’
1192 195 1389 258 notavi,
1426 194 1643 257 reliquos
1675 210 1798 256 quos

98 273 379 321 accuratius
425 271 702 319 discernere
748 267 1000 318 interdum
1047 268 1250 318 difficile
1299 285 1459 331 neque
1506 284 1682 331 operae
1727 272 1801 317 est

98 348 340 411 pretium,
386 347 507 394 nota
551 355 605 394 m
651 343 1013 407 comprehendi.
1081 343 1259 392 horum
1306 345 1615 392 correcturae
1661 344 1798 392 fusco

98 422 263 471 colore
287 420 516 483 adpictae
540 421 657 467 sunt
678 420 862 481 partim
880 419 933 465 in
949 417 1174 481 margine
1190 419 1378 480 partim
1391 419 1446 465 in
1461 418 1584 479 ipsis
1602 417 1799 479 litteris,

98 496 173 544 ita
211 497 269 543 ut
304 494 419 558 plus
457 493 607 542 semel
648 493 767 555 quid
802 493 965 555 prima
996 508 1149 541 manu
1181 492 1419 555 scriptum
1451 493 1518 540 sit
1547 507 1647 540 non
1678 494 1800 540 satis

99 570 304 632 liqueat.
355 567 644 617 correctoris
674 561 749 617 w
778 582 955 616 manus
985 582 1085 616 non
1115 567 1374 615 invenitur
1404 567 1503 614 nisi
1531 566 1610 615 his
1641 568 1799 615 totius

98 645 263 707 operis
292 642 576 707 particulis:

248 718 273 765 I
304 717 458 781 praef.
533 716 559 764 Ι
587 719 634 778 1,
661 710 754 778 2))

221 792 273 841 Π
301 793 459 855 praef.
510 791 563 839 Π
589 794 636 853 1,
663 794 709 840 6.
761 791 882 839 125.
930 790 981 838 Π
1007 789 1242 851 3‚1—-11
1265 791 1315 851 4,
1342 792 1426 838 21.

196 866 272 915 ΠΙ
302 866 458 929 praef.
482 865 559 914 HI
586 868 633 927 1,
659 867 706 914 4.
751 864 832 913 111
856 867 904 926 4,
934 865 1127 913 1-12,
1174 863 1254 912 ΙΠ
1279 867 1328 927 5,
1358 866 1515 913 1—9.

198 941 271 990 IV
301 941 458 1004 praef.
485 940 558 988 IV
586 942 634 1000 1,
659 941 706 988 6.
766 939 839 987 IV
865 940 912 1003 3,
940 941 986 988 6.
1016 940 1135 989 106.
1165 940 1284 987 151.
1339 939 1413 988 IV
1440 940 1487 1002 6,
1514 940 1598 988 37.
1653 938 1726 987 IV
1753 940 1801 1000 9,

224 1090 272 1136 V
302 1090 459 1154 praef.
483 1089 531 1136 V
557 1092 604 1150 1,
630 1091 715 1137 32.

97 1167 152 1215 in
182 1163 575 1228 praefationibus
606 1163 765 1228 igitur
794 1164 1008 1212 maxime
1034 1163 1408 1226 carminumque
1431 1164 1801 1226 insequentium

96 1240 258 1288 initiis
290 1254 492 1302 operam
523 1238 801 1287 collocavit.
864 1237 995 1287 unde
1026 1254 1125 1287 non
1157 1240 1329 1299 otiose,
1363 1238 1449 1286 sed
1480 1238 1801 1287 festinantius

97 1330 211 1363 eum
257 1315 415 1379 egisse
459 1315 570 1362 iure
618 1313 929 1362 concluseris.
998 1313 1180 1377 reliqui
1220 1314 1519 1362 correctores
1560 1306 1660 1380 (m)
1701 1328 1801 1361 non

97 1389 235 1438 ultra
263 1388 341 1436 ΙΠ
367 1390 399 1437 2
430 1391 791 1452 processerunt,
822 1387 909 1436 sed
938 1403 1097 1450 usque
1129 1388 1192 1436 ad
1223 1388 1304 1436 HI
1324 1391 1349 1436 1
1387 1389 1556 1436 omnia
1580 1387 1802 1437 carmina

97 1479 187 1512 nec
229 1479 330 1512 non
367 1463 705 1526 praefationes
744 1462 783 1511 L
823 1462 889 1511 H.
929 1462 1020 1511 IH.
1061 1464 1422 1512 tractaverunt.
1493 1465 1802 1511 correcturae

97 1539 267 1587 autem
297 1537 468 1587 doctos
497 1537 722 1586 homines
753 1539 978 1600 sapiunt,
1009 1537 1168 1586 veluti
1199 1553 1256 1586 ex
1289 1539 1374 1598 eis,
1405 1552 1529 1600 quos
1561 1548 1614 1586 m
1644 1538 1801 1585 nomi-

97 1612 231 1676 navi,
253 1628 384 1661 unus
408 1613 497 1675 qui
518 1613 834 1674 potissimum
861 1611 1187 1660 Genethliaco
1212 1605 1289 1678 (II
1305 1606 1361 1679 7)
1387 1627 1591 1674 operam
1610 1611 1801 1660 dedisse

97 1687 319 1749 videtur,
351 1686 615 1735 adnotavit
646 1686 709 1735 ad
741 1688 847 1736 eius
878 1704 924 1735 v.
952 1688 1044 1735 30:
1082 1686 1347 1744 Lucanus,
1377 1685 1582 1742 Seneca,
1620 1686 1800 1742 Gallie,

98 1762 163 1811 ad
186 1778 233 1811 V.
253 1763 319 1811 76
346 1761 622 1819 Lucretiae,
645 1761 889 1821 Setinius;
921 1761 1049 1810 alius
1075 1761 1139 1810 ad
1163 1761 1381 1810 eiusdem
1407 1762 1641 1810 carminis
1666 1778 1711 1810 v.
1732 1762 1801 1810 34

98 1835 385 1899 adscripsit:
422 1836 580 1885 nimia
618 1837 732 1885 laus
768 1837 853 1885 sed
882 1837 1007 1896 forte
1036 1838 1240 1898 tempori
1271 1840 1315 1885 et
1343 1837 1653 1885 auditoribus
1683 1835 1803 1885 data

97 1926 209 1962 oum
238 1911 360 1960 alibi
390 1905 591 1978 (nempe
621 1911 773 1959 Theb.
791 1910 889 1959 XII
907 1905 1039 1978 812)
1071 1912 1294 1960 divinum
1324 1912 1589 1961 Maronem
1621 1911 1801 1960 adoret.

98 2000 182 2035 eos
214 1988 515 2035 correctores
546 1986 718 2035 multis
747 1987 869 2035 locis
902 1987 1199 2035 coniecturis
1226 1986 1350 2035 bene
1376 1985 1679 2035 consuluisse
1703 2001 1802 2035 non

97 2076 241 2125 nego.

171 2138 287 2199 post
317 2134 534 2183 medium
559 2136 811 2184 saeculum
842 2134 1076 2198 quintum
1109 2135 1355 2184 decimum
1379 2135 1580 2183 videtur
1602 2140 1802 2184 exortus

98 2224 205 2259 esee
236 2203 406 2259 codex
446 2203 769 2260 oxoniensis
809 2210 956 2259 Auct.
981 2210 1022 2259 F
1049 2212 1095 2272 5,
1123 2211 1154 2259 5
1188 2203 1345 2277 (apud
1376 2209 1683 2259 Barlowium
1717 2211 1802 2271 23,

98 2283 242 2334 nobis
280 2278 348 2351 F)
386 2284 789 2335 membranaceus
830 2286 990 2334 forma
1027 2286 1258 2346 minoris,
1298 2301 1442 2348 quem
1483 2285 1673 2348 primus
1705 2285 1802 2334 Ro-

96 2357 274 2407 binson
321 2359 448 2407 Ellis
495 2358 556 2407 ad
600 2358 764 2409 Silvas
812 2359 1146 2408 emendandas
1193 2358 1444 2421 adhibuit,
1491 2359 1551 2408 cf.
1583 2360 1804 2409 Journal

97 2434 159 2494 of
179 2434 429 2496 philoloyy
465 2433 555 2481 XX
587 2427 784 2502 (1892)
817 2451 862 2498 p.
885 2436 1116 2484 17-24,
1175 2434 1307 2483 idem
1337 2435 1417 2484 vir
1448 2434 1623 2483 doctus
1655 2434 1802 2483 huius

98 2507 216 2556 libri
247 2509 459 2573 paginas
491 2508 615 2558 duas
646 2502 780 2576 (silv.
799 2509 823 2558 1
842 2511 891 2574 6,
919 2503 1123 2576 1—50)
1157 2509 1554 2574 photographica
1583 2511 1802 2574 imagine

98 2581 320 2631 reddidit
363 2584 416 2631 in
466 2582 569 2631 XX
614 2584 880 2644 faesimiles
924 2586 1054 2646 from
1099 2585 1224 2633 latin
1269 2586 1598 2644 manuscripts
1640 2586 1700 2644 of
1730 2585 1803 2632 the

102 2655 289 2717 Oxt'ord
335 2657 524 2720 library
562 2650 776 2725 (Oxford
823 2653 1005 2726 1891).
1074 2658 1205 2708 unde
1245 2661 1455 2722 apparet
1493 2658 1711 2708 codicem
1749 2658 1801 2707 in

179 2830 219 2886 1)
251 2828 300 2874 in
332 2829 395 2875 12
427 2843 776 2887 nonnumquam
809 2830 1099 2889 corruptelae
1131 2829 1257 2876 locos
1291 2844 1426 2876 cruce
1455 2830 1516 2875 ad
1541 2830 1802 2890 marginem

100 2887 321 2947 adpo-ita
353 2889 548 2935 notavit.
