2034 3126
688 46 1001 93 svamm
1032 47 1082 92 L.
1106 47 1142 103 1,
1167 52 1194 92 0
1719 47 1790 102 35

243 186 407 239 edunt
443 187 665 238 vulnera
703 188 1093 255 conseruntque
1132 185 1339 238 dextras
1738 197 1795 238 60

242 263 295 312 et
332 262 557 313 mortem
597 259 699 313 sibi
738 291 811 298 —
850 278 957 329 qua
993 262 1177 312 manu!
1216 290 1288 296 -—-
1327 262 1615 312 minantur.

242 334 379 388 ridet
414 334 558 387 Mars
596 338 748 404 pater
787 337 840 387 et
878 337 1097 387 cruenta
1132 333 1319 388 Virtus

243 427 559 479 casuraeque
597 412 747 478 vagis
787 427 945 479 grues
985 412 1187 479 rapinis

244 487 507 536 mirantur
543 485 754 553 pugiles
794 484 1091 537 ferociores.

352 562 461 610 iam
496 561 670 610 noctis
709 558 1051 628 propioribus
1092 558 1191 611 sub
1230 557 1432 610 umbris
1738 571 1794 611 65

244 664 314 669 —
354 633 498 685 dives
539 636 744 702 sparsio
784 651 918 703 quos
958 636 1072 703 agit
1109 634 1397 685 tumultus!
1437 663 1508 669 —

242 708 328 760 hic
364 710 570 760 intrant
607 708 787 760 faciles
828 711 931 760 emi
969 709 1200 777 puellae,

242 782 328 834 hic
366 785 676 852 agnoscitur
714 801 892 851 omne,
932 782 1075 852 quod
1112 783 1333 835 theatris

244 860 337 909 aut
375 858 548 910 forma
585 858 760 926 placet
798 860 891 910 aut
928 857 1188 927 probatur
1226 861 1351 910 arte.

240 932 342 984 hoc
379 931 645 1001 plaudunt
681 950 843 1002 grege
883 931 1081 1001 Lydiae
1119 935 1383 985 tumentes
1392 974 1406 1000 ,
1740 946 1795 987 70

240 1007 355 1058 illic
393 1006 636 1076 cymbala
672 1008 1019 1076 tinnulaeque
1050 1006 1220 1060 Gades
1229 1049 1243 1076 ,

241 1082 355 1134 illic
393 1085 610 1151 agmina
648 1082 984 1135 confremunt
1023 1080 1302 1151 Syrorum,

241 1156 329 1208 hic
366 1156 517 1226 plebs
558 1160 764 1209 scenica
802 1160 1000 1226 quique
1039 1159 1378 1210 comminutis

243 1234 548 1300 permutant
585 1234 766 1284 vitreis
806 1233 1021 1301 gregale
1062 1233 1263 1301 sulpur.

354 1308 494 1358 inter
532 1324 667 1375 quae
706 1306 884 1359 subito
924 1306 1121 1359 cadunt
1156 1308 1342 1360 volatu
1739 1321 1794 1361 75

243 1384 529 1433 immensae
567 1382 845 1434 volucrum
882 1400 978 1451 per
1015 1384 1158 1434 astra
1194 1382 1385 1450 nubes,

244 1473 374 1524 quas
413 1453 573 1509 Nilus
614 1474 759 1509 sacer
795 1455 1148 1526 horridusque
1186 1455 1398 1526 Phasis,

243 1548 374 1599 quas
413 1530 520 1583 udo
559 1529 822 1583 Numidae
859 1532 1050 1601 legunt
1089 1531 1188 1584 sub
1227 1535 1423 1585 austro,

244 1604 436 1657 desunt
474 1609 567 1675 qui
604 1608 817 1675 rapiant
855 1609 1108 1676 sinusque
1146 1607 1294 1676 pleni

242 1679 499 1749 gaudent,
538 1679 665 1733 dum
701 1699 844 1734 nova
879 1682 1029 1733 lucra
1066 1684 1458 1751 comparantur.
1738 1695 1796 1737 80

242 1754 445 1807 tollunt
480 1758 784 1808 innumeras
824 1755 892 1808 ad
929 1759 1073 1809 astra
1108 1774 1261 1810 voces

244 1827 549 1883 Saturnalia
583 1833 846 1900 principis
882 1833 1131 1884 sonantes

244 1907 297 1956 et
334 1903 477 1957 dulci
516 1903 791 1958 dominum
828 1905 1008 1959 favore
1047 1907 1300 1959 clamant:

243 1978 345 2032 hoc
385 1980 560 2032 solum
597 1982 768 2033 vetuit
805 1981 963 2034 licere
1003 1978 1209 2035 Caesar.

23 2211 28 2222 ,
212 2177 259 2213 οι
290 2183 386 2227 qua
417 2171 670 2217 Avantius:
703 2185 846 2228 quam
997 2180 1046 2215 οῦ
1076 2171 1246 2217 virtus:
1280 2172 1426 2232 Virgo
1460 2173 1800 2221 Corneli-scenas

22 2245 29 2252 ·
96 2231 215 2275 1877
238 2244 289 2288 p.
313 2233 422 2284 281,
452 2230 531 2276 sed
553 2230 611 2285 cf.
635 2231 765 2277 Lact.
783 2232 889 2277 inst.
908 2231 999 2276 div.
1019 2233 1138 2287 121,
1156 2236 1216 2277 16
1306 2241 1355 2277 ⁸4
1385 2233 1571 2293 pugiles
1612 2234 1795 2281 Wachs·

23 2325 29 2349 ,
94 2289 298 2335 muthius
328 2292 456 2334 1888
480 2304 530 2348 p.
554 2293 618 2336 27
647 2296 691 2337 et
719 2291 1064 2338 Friederichius
1094 2294 1221 2337 1883
1242 2306 1294 2350 p.
1319 2295 1432 2339 471:
1474 2292 1678 2352 pumilos

24 2398 27 2411 Σ
93 2360 233 2407 mage
275 2348 479 2407 pumilos
518 2349 696 2396 feroces
738 2350 999 2397 Garrodius
1038 2354 1161 2398 1907
1190 2366 1242 2410 p.
1268 2356 1332 2397 62
1360 2367 1536 2410 parum
1574 2358 1679 2412 apte

93 2415 146 2452 0⁸
181 2408 475 2455 Brundesium
512 2413 638 2456 1885
669 2424 719 2468 p.
745 2414 839 2456 576
871 2416 976 2468 post
1014 2426 1052 2457 v.
1082 2415 1135 2456 78
1174 2412 1390 2458 collocari
1426 2414 1563 2459 iubet.
1601 2414 1800 2460 distinxi

24 2505 26 2507 .
93 2480 196 2514 eum
220 2467 458 2528 Postgatio
480 2475 523 2515 et
544 2469 766 2516 Daviesio
856 2478 903 2515 οἳ
929 2476 971 2517 et
992 2479 1042 2515 ⁸8
1066 2470 1176 2517 Hic:
1201 2486 1325 2517 nunc
1349 2474 1522 2518 mavult
1541 2473 1740 2532 Saenqer

96 2534 146 2571 το
159 2529 395 2574 tumentes
413 2544 461 2579 ςε
487 2529 707 2575 timentes
799 2538 843 2574 τι
859 2529 984 2576 Illic:
1002 2530 1086 2576 illo
1107 2531 1421 2579 Marklanduo
1511 2541 1559 2577 τί
1577 2532 1799 2591 Syramm

97 2586 437 2635 Cornelissenus
461 2591 580 2634 1877
596 2603 647 2648 p.
659 2592 750 2635 281
843 2598 891 2635 ⁷⁶
916 2604 1060 2648 quae:
1084 2605 1202 2647 quos
1226 2591 1448 2651 Stanqius
1473 2596 1599 2638 1887
1617 2596 1740 2651 p.36

97 2653 144 2691 17
177 2644 302 2701 Quas
319 2682 330 2694 .
350 2682 360 2693 .
380 2684 390 2693 .
408 2662 560 2694 sacer:
593 2649 699 2705 quis
719 2684 728 2694 .
748 2684 758 2694 .
777 2682 788 2695 .
805 2652 958 2695 scatet
981 2650 1193 2710 Saenqer,
1223 2651 1281 2708 cf.
1302 2654 1390 2707 12,
1407 2656 1437 2698 6
1460 2658 1501 2697 et
1518 2656 1609 2699 183
1696 2657 1800 2710 post

94 2720 134 2751 v.
152 2709 207 2751 '17
241 2708 374 2754 talem
406 2708 500 2764 fere
530 2722 706 2755 versum
735 2710 1018 2756 intercidisse
1048 2712 1238 2757 coniecit
1271 2712 1640 2758 Wachsmuthius
1672 2715 1799 2758 1888

93 2767 231 2824 pfl&
255 2781 373 2826 quas
390 2766 578 2826 Ganges
602 2767 732 2814 lavat
753 2770 861 2828 (sive
885 2769 988 2828 alit)
1006 2784 1060 2815 ac
1078 2770 1214 2828 palus
1232 2770 1512 2829 Scytharum
1604 2780 1652 2816 ἰο
1669 2771 1798 2817 sinus

95 2838 187 2871 acc.
211 2827 430 2887 intelleqit
464 2828 663 2888 Saenqer
811 2836 863 2874 80
899 2829 1130 2888 gaudent:
1170 2830 1362 2876 tardant
1399 2833 1454 2877 ci.
1480 2832 1800 2879 Phillimcm'us

96 2886 213 2932 nale
302 2895 350 2931 8⁴
383 2885 575 2932 licaere:
611 2888 771 2935 Licere
802 2903 845 2933 n
875 2891 927 2934 in
957 2904 1044 2949 my.

1414 2962 1529 3010 '³-
