2034 3126
257 119 345 165 LII
943 118 1287 165 PRAEFATIO

266 260 343 309 III
376 265 424 322 2,
460 261 580 309 135.
624 259 727 307 136
777 274 1011 307 versuum
1053 261 1220 321 partes
1260 261 1466 309 omissas
1508 263 1557 310 et
1595 263 1647 311 in
1687 271 1720 310 3
1758 265 1808 311 et
1845 264 1898 311 in
1939 274 1968 313 c

253 336 519 398 vsupplevit
549 333 853 393 Politianus,
894 332 1024 380 unde
1066 349 1148 382 eas
1187 335 1338 396 putas
1378 351 1482 384 esse
1523 339 1745 398 sumptas
1781 337 1879 385 nisi
1911 355 1968 386 ex

266 406 504 458 codiceP‘*
530 409 612 456 vel
650 406 736 455 ubi
775 408 1012 455 lectiones
1054 409 1224 470 aperte
1265 412 1523 472 corruptas
1560 410 1842 473 adnotavit,
1883 428 1969 460 eur

265 499 349 533 eas
403 483 670 545 >adscripsit
722 481 821 530 nisi
873 484 1137 544 propterea
1193 483 1325 544 quod
1377 499 1458 532 eas
1504 485 1765 534 invenerat
1810 486 1864 533 in
1911 502 1967 535 eo

266 560 432 607 codice
475 574 622 620 quem
662 556 837 604 ducem
877 556 1183 618 sequendum
1216 572 1319 606 esse
1351 558 1448 606 sibi
1478 558 1828 620 persuaserat?
1888 561 1967 609 vel

265 634 351 681 ubi
390 634 651 692 lectiones,
692 646 820 692 quae
859 630 913 677 in
952 640 1016 679 ac
1056 632 1274 692 exstant,
1311 648 1400 693 per
1439 633 1495 680 se'
1525 633 1705 695 probas
1738 635 1968 697 mutavit,

256 710 327 757 ef.
352 708 378 755 I
410 710 458 770 2,
493 708 559 754 22
597 706 739 754 violis
769 699 836 753 A:
876 705 1036 753 mollis
1075 715 1150 754 ac.
1212 705 1265 754 H
1293 709 1339 767 1,
1368 707 1479 761 Ι150
1511 722 1674 755 omnes
1704 703 1772 757 A:
1812 711 1970 758 ommis

256 794 331 833 ac
363 777 519 850 (idem
547 780 627 828 HI
660 781 709 841 4,
742 772 852 846 44).
914 779 993 826 III
1026 780 1074 842 5,
1108 781 1175 828 59
1214 779 1402 829 Circuit
1431 791 1516 830 ao:
1562 781 1798 831 Circumit
1825 779 1873 833 A
1905 785 1968 832 al.

263 860 438 921 itaque
477 855 774 916 ubicumque
816 854 951 916 quod
988 854 1076 902 ille
1117 853 1400 917 adnotavit,
1441 872 1603 918 neque
1638 857 1692 904 in
1724 867 1757 906 3
1787 858 1971 922 legitur

263 948 424 995 neque
455 931 509 978 in
541 940 592 994 c,
625 929 908 977 accuratius
941 930 1036 976 erit
1066 929 1435 993 inquirendum,
1467 931 1750 993 potueritne
1782 934 1970 981 coniec-

263 1010 381 1055 tura
419 1005 635 1054 inveniri
674 1019 733 1050 ex
770 1001 983 1051 lectione
1024 1012 1088 1052 ac
1117 1018 1285 1053 necne.
1339 1006 1509 1052 tamen
1541 1005 1604 1053 ab
1637 1006 1796 1054 altera
1826 1010 1970 1069 parte

248 1082 459 1131 ‘restant
495 1079 593 1128 loci
633 1077 813 1140 quibus
852 1076 978 1124 nihil
1010 1079 1225 1125 correxit
1256 1077 1558 1139 PolitianuS,
1598 1079 1685 1127 ubi
1719 1081 1842 1142 quin
1873 1082 1968 1130 lec·

263 1155 426 1204 tiones
481 1165 515 1204 a
569 1153 904 1215 discrepantes
959 1167 989 1199 a
1035 1167 1124 1200 suo
1171 1152 1298 1201 libro
1344 1153 1704 1216 improbaverit
1749 1171 1847 1204 non
1895 1157 1970 1203 est

266 1230 488 1290 dubium,
524 1229 664 1277 velut
694 1227 719 1275 I
747 1231 792 1290 1,
820 1228 887 1274 27
922 1227 1098 1287 captis,
1132 1228 1200 1275 33
1235 1229 1590 1289 superfulyens,
1625 1230 1693 1277 34
1727 1232 1970 1286 contentis,

267 1305 336 1353 48
369 1306 665 1364 nimiusque,
708 1302 775 1351 53
799 1303 1158 1362 propinquum,
1199 1302 1266 1349 67
1300 1307 1483 1358 servat,
1523 1303 1549 1350 I
1582 1305 1630 1364 2,
1665 1304 1730 1351 21
1766 1305 1971 1366 tymbra,

271 1381 375 1427 143
410 1380 712 1438 vehemesq'ue
745 1378 806 1426 al.

341 1469 440 1501 non
491 1468 549 1500 ea
595 1467 724 1513 quae
770 1466 901 1499 nune
946 1449 1260 1499 desideratur
1303 1451 1358 1498 in
1402 1451 1658 1516 philologo
1706 1452 1968 1516 diligentia

265 1528 570 1576 Politianum
619 1541 763 1574 usum
802 1541 907 1574 esse
945 1526 998 1572 in
1037 1524 1178 1573 libris
1218 1525 1526 1573 conferendis
1566 1529 1777 1588 apparet
1815 1528 1968 1575 etiam

266 1619 325 1651 ex
364 1602 546 1650 codicis
577 1600 907 1648 Laurentiani
948 1601 1032 1659 29,
1067 1601 1133 1647 32
1159 1593 1257 1666 (L)
1298 1599 1586 1662 collatione,
1624 1600 1712 1649 ubi
1742 1602 1824 1650 vel
1856 1617 1966 1664 gra-

266 1679 409 1725 viora
461 1676 659 1724 silentio
713 1675 987 1737 praeteriit.
1064 1675 1187 1722 haec
1234 1674 1418 1722 adnoto
1466 1691 1592 1737 quae
1639 1690 1670 1723 a
1715 1675 1966 1725 Politiano

264 1751 495 1813 quamvis
535 1764 673 1799 secus
704 1750 903 1814 legatur
932 1749 986 1797 in
1017 1758 1050 1798 a
1082 1750 1234 1811 atque
1266 1750 1318 1796 in
1352 1744 1412 1809 L,
1451 1765 1550 1797 non
1582 1752 1804 1798 correcta
1835 1753 1953 1798 sunt

254 1850 256 1852 v
341 1825 393 1873 II
427 1827 472 1888 7,
509 1826 538 1873 9
572 1827 649 1873 tae
678 1819 741 1873 L:
772 1824 891 1882 Lete
921 1833 955 1873 3

469 1901 540 1948 20
570 1900 660 1948 iste
689 1893 751 1948 L:
782 1901 879 1947 ista
909 1908 943 1948 3,

471 1975 540 2023 28
574 1975 768 2022 athera-s
800 1969 860 2022 L:
893 1974 1095 2021 athenas
1127 1982 1160 2021 a

472 2049 542 2096 34
573 2048 738 2096 νηῶεῑε
769 2048 888 2096 betis
919 2042 980 2096 L:
1016 2047 1211 2095 mezetlee
1243 2047 1360 2095 betis
1391 2039 1446 2114 (h
1478 2045 1572 2095 del.
1598 2041 1906 2113 Politianus)
1939 2058 1972 2097 3

470 2124 538 2171 36
575 2137 698 2184 aque
729 2117 790 2171 L:
823 2126 966 2182 atque
999 2132 1032 2171 a

471 2198 541 2246 38
575 2198 757 2257 caliope
788 2191 849 2245 L:
881 2197 1085 2256 calliope
1117 2205 1150 2244 a

472 2273 540 2319 46
576 2271 851 2332 elonquente
882 2266 944 2320 L:
978 2271 1219 2331 eloquente
1251 2279 1284 2318 a

471 2346 541 2394 63
574 2345 801 2394 Iocwnda
833 2340 893 2394 L:
925 2346 1157 2394 Iucwnda
1189 2354 1222 2393 a

474 2421 540 2468 79
574 2420 749 2480 loquar
781 2416 840 2469 L:
873 2421 1042 2481 loquor
1073 2430 1106 2469 a

575 2496 678 2553 ipsc
710 2490 770 2543 L:
802 2497 914 2556 ipsa
946 2505 980 2544 a

471 2569 541 2616 87
568 2562 783 2635 potesssss]
810 2564 872 2618 L:
895 2571 1060 2629 postes
1091 2579 1124 2618 a

440 2644 543 2691 112
578 2644 700 2691 tems
731 2638 791 2692 L:
823 2647 951 2692 temes
984 2653 1018 2692 a

269 2718 323 2767 II
358 2720 403 2779 7,
440 2720 543 2765 117
576 2721 781 2765 nocentia
811 2713 872 2767 L:
903 2721 1157 2766 nocentum
1189 2727 1223 2767 a

439 2793 542 2840 126
576 2782 805 2852 frequent?
828 2787 889 2841 L:
919 2793 1194 2852 frequentat
1224 2802 1257 2841 3

347 2870 521 2915 eontra
566 2867 813 2928 quaedam
859 2866 1122 2915 adnotavit
1169 2883 1227 2914 ex
1266 2862 1304 2916 L
1349 2868 1530 2915 omissa
1569 2866 1739 2914 littera
1779 2868 1846 2913 A:
1893 2869 1970 2914 ter

271 2942 404 2988 enim
450 2942 503 2988 in
550 2955 667 2988 voce
714 2940 920 3001 orpheus
965 2942 1187 2989 litteram
1225 2943 1257 3002 f
1288 2942 1501 2990 correxit
1539 2956 1628 3002 pro
1669 2955 1724 2988 eo
1766 2940 1899 3001 quod
1940 2951 1973 2990 3
2033 3005 2034 3013 ¹
