2034 3126
265 70 366 122 138
869 71 920 115 P.
945 70 1151 117 PAPINI
1184 71 1358 116 STATI

254 210 503 260 immotas
545 207 765 259 obversa
802 226 988 276 genas,
1027 227 1123 260 nec
1164 210 1273 261 sole
1313 229 1557 278 supremo

258 283 483 348 lumina,
525 281 615 333 sed
654 282 796 333 dulci
834 283 1038 334 mavult
1079 286 1268 335 satiare
1306 288 1512 337 marito.
1874 300 1957 339 175

257 358 375 407 tum
414 358 488 408 sic
527 360 841 407 unanimum
877 361 1108 408 moriens
1150 359 1352 410 solatur
1390 363 1675 412 amantem:

261 430 408 498 ‘pars
449 433 654 482 animae
692 433 897 482 victura
934 449 1099 498 meae,
1141 435 1226 483 cui
1264 434 1503 501 linquere
1541 438 1743 502 possim

260 522 291 556 o
332 507 558 571 utinam,
601 523 732 573 quos
774 505 906 556 dura
942 505 1075 557 mihi
1113 509 1254 574 rapit
1293 505 1550 575 AtrOPOS,
1591 525 1781 561 annos:

258 597 435 647 parce,
475 597 680 647 precor,
720 580 973 646 lacrimiS‚
1016 598 1169 632 saevo
1208 599 1275 632 ne
1315 585 1533 633 concute
1572 584 1790 650 planctu

258 656 494 721 pectora,
532 672 628 705 nec
668 657 842 706 crucia
880 654 1173 722 fugientem
1213 659 1455 724 coniugis
1494 656 1750 709 umbram.
1874 669 1960 710 180

258 728 446 796 linquo
487 728 729 796 equidem
766 728 1051 796 thalamos,
1093 731 1238 781 salvo
1277 733 1455 782 tamen
1494 731 1676 783 ordine
1714 734 1923 799 mortiS,

259 802 405 870 quod
442 806 603 870 prior.
667 806 817 871 exegi
855 804 1020 871 longa
1057 806 1268 872 potiora
1308 807 1516 856 senecta

258 879 520 945 tempora:
559 876 668 928 vidi
708 881 853 929 omni
890 877 1096 945 pridem
1134 881 1185 929 te
1225 878 1353 931 flore
1391 882 1670 947 nitentem,

259 951 371 1002 vidi
411 953 547 1003 altae
585 955 806 1020 propius
846 955 1172 1021 propiusque
1211 953 1451 1005 accedere
1491 953 1715 1006 dextrae.

258 1043 371 1077 non
409 1029 468 1077 in
505 1029 558 1078 te
597 1025 765 1093 Fatis,
804 1045 915 1078 non
952 1030 1059 1078 iam
1099 1027 1410 1079 caelestibus
1451 1029 1576 1080 ullis
1875 1041 1959 1080 185

259 1099 561 1152 arbitrium:
600 1119 806 1153 mecum
843 1104 948 1153 ista
986 1102 1110 1154 fero,
1173 1105 1233 1153 tu
1271 1103 1440 1154 limite
1481 1106 1666 1171 coepto

259 1174 416 1226 tende
455 1175 626 1226 libens
668 1193 977 1244 sacrumque
1016 1177 1156 1227 latus
1196 1179 1518 1245 geniumque
1556 1179 1828 1245 potentem

258 1251 587 1318 inrequietus
629 1268 759 1303 ama.
820 1268 983 1317 nunc,
1025 1250 1167 1319 quod
1206 1254 1354 1319 cupis
1393 1254 1507 1320 ipse
1546 1251 1738 1318 iuberi,

262 1323 328 1374 da
368 1321 684 1392 Capitolinis
726 1327 998 1376 aeternum
1038 1325 1247 1377 sedibus
1289 1343 1496 1392 aurum,

263 1415 369 1466 quo
408 1401 577 1450 niteat
617 1403 750 1451 sacri
790 1402 1010 1452 centeno
1050 1400 1281 1468 pondere
1319 1401 1498 1452 vultus
1878 1413 1964 1452 190

264 1470 501 1524 Caesaris
543 1477 595 1525 et
633 1477 879 1542 propriae
920 1477 1096 1543 signet
1135 1476 1368 1526 cultricis
1410 1493 1655 1528 amorem.

262 1550 338 1598 sic
379 1565 476 1616 ego
515 1565 612 1600 nec
651 1547 838 1600 Furias
878 1567 975 1600 nec
1014 1549 1275 1601 deteriora
1312 1549 1500 1601 videbo

260 1620 482 1673 Tartara
521 1625 572 1674 et
610 1622 821 1691 Elysias
862 1623 990 1675 felix
1029 1623 1278 1675 admittar
1316 1627 1374 1674 in
1414 1623 1566 1676 oras?

260 1695 389 1748 haec
429 1696 556 1748 dicit
594 1697 776 1750 labens
819 1701 1095 1767 sociosque
1133 1699 1470 1767 amplectitur
1509 1701 1652 1750 artus

261 1770 667 1840 haerentemque
707 1775 938 1823 animam
976 1791 1086 1825 non
1124 1775 1292 1824 tristis
1332 1776 1390 1824 in
1429 1791 1522 1825 ora
1558 1775 1737 1824 mariti
1879 1784 1963 1824 195

261 1847 540 1897 transtulit
579 1849 630 1898 et
669 1865 788 1898 cara
826 1850 1020 1915 pressit
1060 1865 1155 1899 sua
1193 1849 1398 1898 lumina
1436 1847 1631 1899 dextra.

375 1923 430 1971 at
467 1923 672 1973 iuvenis
712 1939 908 1990 magno
948 1921 1246 1973 flammatus
1286 1924 1500 1990 pectora
1538 1923 1685 1974 luctu

260 2012 404 2046 nunc
442 1996 630 2063 implet
669 2014 823 2048 saevo
864 1996 1050 2048 viduos
1092 1997 1319 2048 clamore
1356 1999 1594 2065 penates,

263 2087 407 2121 nunc
446 2069 644 2121 ferrum
683 2071 859 2122 laxare
899 2074 1067 2139 cupit,
1106 2089 1250 2123 nunc
1289 2071 1452 2122 ardua
1490 2070 1660 2122 tendit

261 2147 321 2195 in
359 2145 476 2196 loca
509 2174 575 2180 —
611 2148 699 2196 vix
738 2148 968 2197 retinent
1000 2148 1216 2197 comites
1250 2176 1336 2212 —-‚
1374 2163 1518 2197 nunc
1550 2163 1637 2197 ore
1669 2146 1836 2213 ligato
1878 2156 1965 2198 200

261 2218 481 2271 incubat
520 2222 741 2271 amissae
779 2238 1114 2288 mersumque
1152 2223 1210 2271 in
1242 2219 1395 2272 corde
1435 2219 1671 2272 dolorem

264 2311 450 2345 saevus
492 2297 625 2362 agit,
666 2295 838 2362 qualis
880 2297 1161 2362 conspecta
1201 2298 1426 2363 coniuge
1467 2297 1643 2362 segnis

382 2491 453 2526 177
486 2483 683 2539 possim:
716 2498 902 2540 possem
931 2484 1243 2529 Marklandus
1273 2485 1379 2539 fort.
1405 2490 1517 2529 recte
1607 2491 1679 2526 180
1706 2483 1904 2527 Poctora

262 2550 331 2585 181
370 2543 534 2586 mortis
575 2559 601 2592 ς
641 2545 862 2599 Imhofius
901 2548 1024 2588 1859
1055 2559 1106 2600 p.
1140 2547 1199 2588 19
1239 2545 1313 2600 (cf.
1351 2545 1457 2588 Tac.
1491 2558 1601 2588 arm.
1628 2543 1761 2587 XVI
1779 2547 1833 2587 11
1870 2543 1960 2588 Cic.

264 2602 392 2646 Lael.
407 2605 480 2653 15)
494 2621 502 2645 ε
521 2603 685 2647 mostis
697 2623 705 2647 ε
724 2606 925 2647 maestos
937 2619 959 2646 c
975 2605 1093 2648 male
1105 2621 1114 2647 :
1131 2604 1314 2647 nostros
1326 2603 1579 2648 Korschius
1591 2602 1729 2659 (quod
1739 2603 1938 2659 lanquet)
1954 2621 1964 2646 :

262 2675 417 2706 messa
448 2662 646 2720 Saenyer
773 2672 846 2706 190
879 2662 999 2716 Quo:
1033 2663 1159 2718 quod
1199 2663 1393 2707 Vollmer
1423 2663 1531 2707 olim
1563 2665 1700 2719 (1893
1724 2675 1774 2718 p.
1798 2663 1903 2715 840)

261 2729 331 2763 191
364 2723 410 2764 et
441 2723 678 2778 propriae:
712 2722 762 2765 id
792 2737 861 2779 pr.
885 2725 939 2767 ci.
966 2722 1186 2780 Saenyer:
1220 2723 1268 2765 et
1297 2722 1481 2778 patriae
1512 2723 1567 2766 ci.
1587 2721 1906 2765 Phillimorius

264 2780 440 2836 signet:
474 2781 630 2838 signes
662 2783 908 2827 Baehrens.
986 2791 1054 2824 197
1089 2782 1338 2825 flamnatus
1429 2790 1502 2824 2⁰2
1536 2780 1658 2839 agit:
1692 2779 1780 2824 alit
1803 2781 1963 2824 Mark-

263 2839 436 2884 landus
526 2841 701 2896 qualis:
728 2841 857 2897 quali
873 2842 1072 2899 Saenyer
1164 2843 1413 2896 conspecta
1438 2840 1636 2898 coniuge
1653 2839 1830 2896 segnis:
1858 2853 1966 2883 con-

267 2902 429 2955 specto
463 2900 674 2958 coniugis
707 2901 807 2958 igni
840 2901 1068 2946 Barthius
1944 2915 1956 2918 ”
