2034 3126
276 105 465 149 XLVIII
952 108 1295 154 PRAEFATIO

583 306 614 370 ξ
650 310 696 359 3.
758 309 848 357 ΒΕ
889 310 1279 358 EXEMPLARI
1317 309 1673 360 POGGIANO.

352 443 519 476 omnes
571 429 761 476 codices
807 429 1028 477 novicios
1075 429 1140 476 ad
1179 428 1523 478 Matritensem
1567 430 1727 478 redire
1774 430 1972 478 demon-

275 502 562 550 stravimus.
610 502 835 565 sequitur
856 506 912 550 ut
936 504 1261 565 inquiramus,
1285 519 1530 566 quaenam
1552 504 1828 552 intercedat
1843 505 1973 552 ratio

276 578 408 624 inter
455 592 568 624 eum
616 580 666 625 et
706 578 1029 640 apographon
1070 577 1405 642 Sangallensis
1446 579 1532 640 qui
1571 578 1753 626 dicitur
1790 578 1907 626 libri
1946 595 1973 625 a

274 650 464 715 Poggio
495 650 548 697 in
572 650 777 699 Italiam
799 651 1159 700 transmissum.
1208 654 1357 714 atque
1379 652 1723 702 Matritensem
1746 653 1799 700 in
1822 653 1974 700 Italia

274 740 375 773 non
422 726 663 787 scriptum
711 742 813 775 esse
859 725 997 788 ipsae
1043 726 1327 774 litterarum
1371 727 1560 775 formae
1600 727 1788 775 docent.
1852 727 1976 789 quid

274 799 410 862 quod
464 800 682 848 codicem
730 817 759 848 a
808 799 1052 848 Germano
1100 803 1435 863 conscriptum
1482 816 1586 849 esse
1632 801 1831 849 Loewio
1877 801 1974 862 ipsi

273 874 437 923 visum
476 872 584 923 est?
629 890 684 922 ac
723 891 895 923 revera
925 875 1032 937 ipse
1063 875 1369 924 Matritensis
1400 875 1532 923 idem
1563 875 1689 923 liber
1721 878 1795 923 est
1827 891 1975 937 quem

274 947 494 1012 Poggius
525 965 615 1011 per
645 949 954 996 Brandinum
985 949 1222 997 Pisanum
1253 950 1317 997 ad
1347 950 1667 998 Franciscum
1697 949 1975 997 Barbarum

274 1022 424 1071 misit.
487 1039 588 1071 una
628 1039 740 1071 cum
771 1023 978 1071 Manilio
1012 1023 1145 1072 Stati
1178 1023 1343 1073 Silvae
1384 1024 1446 1072 ab
1483 1039 1540 1072 eo
1572 1025 1803 1073 inventae
1836 1027 1974 1071 sunt:

271 1113 375 1145 una
421 1113 531 1145 cum
575 1097 747 1146 eodem
786 1099 983 1146 exstant
1020 1099 1073 1145 in
1111 1098 1408 1149 Matritensi.
1469 1100 1676 1146 maximi
1714 1114 1831 1147 vero
1871 1114 1973 1147 mo·

272 1173 429 1219 menti
477 1175 551 1220 est
595 1172 726 1234 quod
766 1174 1075 1220 correcturae
1114 1166 1187 1221 Μ2
1224 1172 1383 1236 ipsius
1422 1172 1582 1237 Poggi
1620 1188 1772 1220 manu
1810 1173 1973 1221 factae

272 1248 403 1294 sunt.
464 1246 517 1293 id
558 1247 690 1309 quod
721 1246 778 1294 fit
809 1246 1064 1309 perspicue
1097 1248 1399 1309 comparatis
1432 1246 1501 1296 eis
1535 1246 1808 1309 codicibus,
1847 1263 1972 1308 quos

272 1320 336 1368 ab
382 1321 471 1369 illo
520 1323 823 1383 conscriptos
871 1336 974 1369 esse
1021 1322 1154 1369 inter
1200 1336 1368 1370 omnes
1415 1324 1623 1371 constat.
1698 1322 1972 1370 cohaesisse

274 1395 527 1456 quondam
566 1395 790 1458 quolibet
827 1395 972 1443 modo
1012 1395 1164 1444 libros
1204 1396 1519 1445 Matritenses
1559 1396 1610 1443 M
1636 1397 1701 1444 31
1747 1399 1795 1444 et
1833 1397 1877 1444 X
1903 1397 1968 1445 81

270 1484 422 1532 supra
452 1471 736 1518 monuimus
768 1470 924 1532 p.IX:
956 1470 999 1517 X
1019 1472 1085 1518 81
1121 1472 1291 1518 autem
1315 1472 1535 1518 continet
1559 1470 1743 1519 Asconi
1765 1470 1975 1519 Pediani

272 1545 325 1592 in
372 1544 637 1592 nonnullas
688 1543 937 1594 Ciceronis
985 1546 1235 1593 orationes
1283 1546 1665 1594 commentarios
1713 1547 1764 1593 et
1805 1546 1975 1593 Valeri

272 1619 439 1667 Flacci
485 1619 509 1666 I
537 1619 731 1666 1—IV
758 1620 877 1669 317.
939 1619 1029 1667 hos
1077 1621 1300 1668 auctores
1349 1635 1378 1666 a
1420 1619 1611 1684 Poggio
1658 1620 1809 1681 paulo
1857 1622 1972 1668 ante

270 1694 551 1754 Manilium,
578 1693 758 1742 Silium
775 1693 1038 1756 Silvasque
1062 1697 1284 1756 repertos
1310 1710 1412 1743 esse
1437 1695 1631 1743 scimus.
1675 1693 1972 1757 subscriptio

273 1770 445 1816 autem
478 1770 592 1830 post
623 1766 735 1816 Val.
761 1768 920 1817 Flacc.
946 1768 1019 1816 IV
1045 1770 1150 1816 317
1183 1770 1237 1816 in
1268 1769 1312 1816 X
1339 1770 1404 1816 81
1441 1770 1602 1818 exstat
1631 1769 1774 1817 haec:
1815 1768 1866 1818 O.
1891 1785 1976 1817 va-

270 1843 362 1891 lem'
406 1844 544 1902 flacci
591 1845 954 1903 arymauticon.
1017 1843 1127 1892 Hoc
1163 1844 1493 1904 fraymentwm
1530 1847 1775 1903 repertum
1813 1848 1883 1892 est
1921 1845 1973 1891 in

271 1919 563 1965 monasterio
602 1919 758 1966 saneti
793 1918 918 1978 yalbi
947 1931 1105 1978 prope
1142 1919 1464 1966 constantiam
1498 1917 1605 1966 XX
1631 1919 1828 1966 milibus
1851 1933 1972 1979 pas-

268 2005 418 2039 suum
464 2007 567 2039 una
614 2006 722 2039 cum
766 1995 913 2053 parte
961 1991 1013 2053 Q.
1062 1994 1248 2041 asconii
1285 1992 1505 2052 pediani.
1584 1993 1703 2040 deus
1749 1994 1975 2041 concedat

274 2067 414 2114 alteri
444 2069 499 2114 ut
527 2069 785 2126 utrumque
814 2081 934 2127 opus
965 2068 1177 2126 reperiat
1204 2068 1480 2127 perfectum.
1527 2066 1633 2115 Nos
1665 2068 1794 2128 quod
1808 2069 1973 2127 potui-

268 2155 383 2188 mus
414 2142 612 2201 eyimuS.

1355 2216 1568 2276 Poyyins
1598 2216 1895 2274 florentinus.

346 2333 428 2382 hic
483 2334 633 2382 codex
687 2335 749 2382 ab
806 2335 977 2383 eodem
1032 2337 1262 2383 exaratus
1317 2336 1411 2397 est,
1467 2335 1554 2397 qui
1606 2336 1751 2383 notas
1798 2327 1870 2382 ΜΞ
1919 2335 1973 2382 in

270 2407 556 2456 Matritensi
602 2408 796 2456 addidit
841 2412 1077 2472 totusque
1125 2409 1379 2457 character
1422 2408 1668 2457 scribendi
1707 2407 1973 2456 admodum

271 2481 467 2530 accedit
514 2482 578 2530 ad
623 2484 767 2531 notas
806 2483 1150 2532 interlineares
1190 2485 1270 2532 vel
1308 2484 1610 2547 marginales
1649 2482 1830 2531 codicis
1870 2482 1971 2529 Ha·

272 2556 585 2604 miltonensis
636 2559 765 2619 166,
813 2575 959 2620 quem
1005 2574 1034 2605 a
1073 2558 1262 2621 Poggio
1309 2558 1417 2620 ipso
1463 2557 1820 2619 transcriptum
1866 2572 1971 2605 esse

275 2647 333 2678 ex
378 2630 598 2679 Mediceo
644 2631 733 2680 illo
783 2631 1030 2681 Ciceronis
1078 2632 1142 2680 ad
1186 2632 1412 2681 Atticum
1459 2632 1785 2694 epistularum
1828 2647 1970 2679 nemo

273 2707 443 2753 nescit.
521 2707 668 2753 notae
723 2708 893 2754 autem
946 2706 1164 2755 eiusdem
1216 2722 1393 2756 manus
1445 2709 1559 2755 sunt
1605 2708 1759 2768 atque
1804 2706 1970 2754 textus

272 2781 394 2841 ipse.
466 2779 591 2827 adde
633 2780 764 2842 quod
801 2781 854 2828 in
893 2781 937 2828 X
979 2782 1045 2828 81
1087 2781 1172 2829 fol.
1210 2783 1402 2829 1—17
1443 2781 1683 2829 nonnulla
1722 2796 1780 2827 ex
1822 2778 1970 2828 Chro-

274 2853 384 2902 nico
425 2853 686 2917 Sigisberti
719 2853 1085 2903 Gemblacensis
1125 2857 1204 2902 sat
1241 2855 1499 2917 velociter,
1538 2857 1595 2902 ut
1632 2854 1852 2917 videtur,
1893 2870 1970 2902 ex·

272 2929 461 2990 scripta
494 2931 622 2990 sunt,
656 2945 802 2992 quem
835 2947 862 2977 a
886 2929 1077 2994 Poggio
1109 2930 1160 2977 in
1193 2945 1338 2978 suum
1370 2944 1514 2979 usum
1547 2931 1831 2992 excerptum
1864 2943 1970 2977 esse
