2034 3126
274 26 378 79 160
878 25 924 69 P.
951 24 1156 68 PAPINI
1188 24 1361 68 STATI

263 167 462 231 quippe
501 164 639 214 leves
682 181 888 229 causae,
927 180 1023 213 nec
1064 165 1239 229 segnis
1280 161 1397 213 labe
1439 163 1592 212 senili

263 241 434 289 exitus
474 240 698 288 instanti
737 239 1009 304 praemisit
1046 236 1281 287 membra
1321 237 1583 303 sepulcro,

263 311 355 363 sed
393 315 461 365 136,
484 314 669 379 torpor
706 315 845 362 iners
888 313 939 361 et
976 328 1118 361 mors
1158 313 1365 360 imitata
1405 312 1635 377 quietem
1875 323 1960 362 260

266 387 520 454 explicuit
559 386 799 452 falsoque
838 386 965 436 tulit
1006 384 1102 436 sub
1143 384 1362 435 Tartara
1402 402 1602 436 somno,

264 478 397 527 quos
439 478 536 527 ego
577 462 704 511 tunc
743 462 986 527 gemitus,
1025 489 1094 494 —-
1128 461 1380 510 comitum
1411 476 1597 509 manus
1632 461 1787 509 anxia
1817 458 1964 526 vidit,

262 534 398 586 vidit
437 537 488 585 et
529 535 827 602 exemplum
865 535 1106 601 genetrix
1145 536 1430 601 gavisaque
1468 535 1620 584 novit
1657 562 1728 567 —

263 626 398 676 quae
437 609 668 659 lamenta
705 609 830 658 tuh‘!
891 611 1100 658 veniam
1139 607 1427 672 concedite,
1466 625 1668 673 manes,

263 684 343 734 fas
385 682 599 748 dixisse,
640 684 810 749 pater:
872 700 983 733 non
1022 684 1082 732 tu
1119 681 1252 731 mihi
1291 682 1446 749 plura
1486 681 1727 732 dedisses.
1876 692 1960 732 265

263 758 390 808 felix
429 758 520 807 ille
559 759 764 824 patrem
802 760 980 807 vacuis
1023 755 1362 806 circumdedit
1400 756 1565 807 ulnis:

261 832 423 883 vellet
462 833 513 882 613
551 830 738 898 Elysia
777 833 1013 898 quamvis
1054 833 1112 880 in
1151 829 1269 881 sede
1307 831 1540 881 locatum

264 905 502 973 abripere
543 908 593 956 et
632 904 840 956 Danaas
880 907 1074 955 iterum
1112 906 1323 972 portare
1362 922 1455 971 per
1493 904 1728 971 umbras3

263 982 613 1047 temptantem
654 982 703 1030 et
742 982 890 1030 vivos
930 979 1177 1030 molitum
1214 981 1273 1029 in
1311 978 1530 1029 Tartara
1568 996 1779 1046 gressus

264 1054 456 1105 detulit
493 1054 730 1105 infernae
768 1056 912 1104 vates
954 1054 1213 1120 longaeva
1251 1051 1474 1119 Dianae3
1877 1065 1963 1106 270

264 1132 311 1181 si
352 1128 542 1195 chelyn
582 1126 862 1195 Odrysiam
900 1130 1055 1195 pigro
1096 1129 1392 1178 transmisit
1431 1125 1643 1178 Averno

266 1221 422 1254 causa
461 1205 656 1269 minor,
699 1205 744 1253 si
783 1201 1098 1253 Thessalicis
1140 1199 1396 1252 Admetus
1437 1204 1495 1252 in
1534 1204 1662 1268 oriS‚

265 1280 311 1329 si
350 1278 443 1328 lux
481 1294 589 1327 una
626 1279 766 1328 retro
807 1275 1126 1344 Phylaceida
1163 1276 1371 1326 rettulit
1409 1274 1672 1343 umbram,

265 1369 358 1403 cur
395 1351 533 1402 nihil
572 1353 750 1402 exoret
760 1392 773 1417 ‚
813 1353 1045 1418 genitor,
1088 1350 1264 1417 chelys
1307 1352 1398 1400 aut
1436 1352 1530 1400 tua
1567 1367 1745 1401 manes

267 1428 359 1477 aut
396 1426 548 1477 mea‘?
588 1425 666 1477 fas
706 1425 839 1476 mihi
879 1428 953 1476 sic
991 1427 1192 1493 patrios
1235 1426 1539 1492 contingere
1578 1425 1780 1491 vultus,
1878 1436 1962 1476 275

262 1501 343 1552 fas
383 1503 618 1551 iunxisse
657 1517 868 1566 manus,
908 1501 959 1550 et
997 1501 1082 1550 lex
1122 1515 1478 1567 quaecumque
1520 1500 1782 1566 sequatur.

378 1576 431 1624 at
470 1592 586 1640 voS,
626 1574 933 1625 umbrarum
971 1591 1119 1642 reges
1160 1571 1499 1640 Aetnaeaque
1538 1571 1695 1639 Iuno,

265 1651 312 1700 si
350 1648 613 1699 laudanda
650 1666 856 1716 precor,
896 1648 1073 1699 taedas
1115 1648 1314 1698 auferte
1355 1665 1633 1714 comasque

265 1722 642 1790 Eumenidum3
674 1723 825 1774 nullo
868 1725 1019 1774 sonet
1058 1740 1210 1790 asper
1247 1724 1444 1773 ianitor
1483 1739 1592 1788 ore,

264 1795 556 1849 Centauros
596 1796 914 1865 Hydraeque
953 1815 1139 1865 greges
1182 1795 1522 1864 Scyllaeaque
1559 1797 1798 1847 monstra
1877 1806 1964 1846 280

266 1889 476 1923 aversae
517 1872 686 1923 celent
724 1872 910 1938 valleS,
949 1871 1294 1938 umbramque
1337 1871 1555 1922 senilem

385 2083 458 2118 258
491 2075 646 2132 segnis
680 2090 727 2124 ς;
763 2089 927 2133 segnes
1047 2075 1176 2119 labe:
1210 2075 1321 2118 tabe
1357 2074 1616 2119 Gronovius
1726 2082 1800 2117 259
1830 2088 1963 2130 prae-

264 2134 394 2178 misit
426 2135 500 2191 (cf.
526 2136 604 2179 Ps.
635 2135 789 2192 Quint.
815 2135 922 2179 decl.
941 2135 1047 2179 mai.
1076 2136 1188 2179 V15
1218 2134 1352 2179 tabes
1386 2134 1557 2178 cotidie
1590 2133 1772 2190 aliquid
1804 2148 1859 2176 ex
1882 2133 1964 2177 ho-

211 2193 213 2195 ’
266 2194 390 2237 1111116
422 2195 686 2250 praemittit
716 2194 766 2237 in
795 2195 1031 2251 mortem):
1066 2194 1256 2237 demisit
1287 2194 1591 2238 Schwarteius
1623 2197 1746 2238 1889
1773 2207 1819 2249 Ρ.
1848 2197 1906 2238 13

263 2262 339 2296 263
371 2254 502 2297 novit
534 2269 576 2297 c:
609 2253 737 2297 vovit
766 2259 820 2298 ut
848 2255 940 2298 vid.
1029 2259 1132 2310 post
1163 2258 1246 2297 265
1280 2255 1496 2298 lacunam
1525 2254 1690 2298 statuit
1719 2253 1965 2307 Heinsius,

267 2318 365 2357 269.
394 2317 479 2356 270
511 2315 597 2358 huc
627 2314 911 2369 transposuit
934 2313 1144 2371 Saenyer,
1176 2314 1254 2358 sed
1278 2315 1424 2358 obstat
1445 2314 1778 2369 temptantem:
1811 2313 1965 2368 itaque

267 2373 465 2430 Saenyer
489 2372 792 2416 Dardaniden
820 2373 1004 2429 scripsit
1027 2388 1115 2430 pro
1143 2373 1453 2429 temptantem
1478 2374 1524 2415 et
1614 2380 1688 2414 269
1713 2371 1966 2428 Temptan-

266 2432 382 2476 tem:
425 2447 564 2488 quem
597 2432 790 2476 tandem
822 2434 1071 2477 Daviesius
1108 2456 1110 2458 v
1162 2438 1266 2477 ante
1295 2433 1418 2476 hunc
1447 2446 1486 2475 v.
1513 2424 1812 2476 Housmanus
1844 2434 1966 2476 1906

258 2506 310 2548 Ρ.
336 2494 396 2536 47
429 2493 608 2548 aliquid
639 2492 856 2536 excidisse
884 2498 1023 2547 putat
1134 2500 1205 2534 271
1236 2497 1278 2536 et
1308 2499 1382 2534 272
1416 2491 1455 2534 si
1489 2506 1532 2535 c.
1565 2491 1631 2534 sic
1738 2496 1845 2547 post
1878 2495 1962 2533 272

268 2553 483 2596 lacunam
505 2552 671 2595 statuit
692 2553 957 2609 Postyatius
981 2555 1100 2596 1905
1115 2566 1165 2608 Ρ.
1185 2554 1289 2605 136,
1321 2551 1379 2605 cf.
1399 2551 1453 2594 K
1456 2552 1618 2595 lotzius
1642 2554 1759 2595 1896
1774 2564 1824 2606 Ρ.
1844 2553 1905 2593 66

265 2619 340 2654 273
374 2610 414 2654 si
444 2610 524 2653 lux
552 2611 796 2655 Heinsius:
833 2611 978 2655 Silva:
1013 2611 1079 2655 sic
1110 2611 1190 2654 lux
1223 2612 1416 2655 Vollmer
1505 2608 1668 2653 retulit
1758 2618 1831 2651 274
1862 2608 1965 2652 nihl

267 2673 339 2728 (eae
367 2669 437 2712 nil
468 2669 551 2727 ΜῙ)
671 2678 744 2712 275
778 2669 863 2714 sic:
898 2671 961 2714 sit
993 2685 1019 2720 ς
1133 2679 1204 2712 277
1241 2683 1525 2725 aecneaque:
1559 2669 1813 2724 Enneaque
1848 2668 1964 2713 G'ro-

264 2730 448 2774 novius:
477 2728 783 2798 Lethaeaque
810 2730 982 2774 Walter
1006 2733 1130 2774 1885
1146 2744 1196 2787 Ρ.
1216 2733 1276 2774 56
1366 2737 1440 2772 278
1464 2728 1628 2772 taedas
1654 2742 1701 2777 ς.
1735 2727 1904 2771 caedas

266 2797 341 2832 279
372 2788 547 2832 ianitor
579 2788 840 2838 ς·1ε,111101
931 2798 1005 2832 280
1037 2789 1290 2833 Centauros
1322 2789 1606 2833 Politianus.
1648 2786 1903 2831 Centaurus

267 2848 550 2905 Hydraeque
583 2862 629 2898 ςε
662 2848 931 2904 bydraeque
1024 2848 1276 2904 scillaeque
