2034 3126
299 68 371 121 80
908 71 956 116 P.
981 71 1186 115 PAPINI
1217 71 1393 116 STATI

297 206 539 258 assiduus
579 208 793 276 pelag03
835 209 998 260 donec
1036 212 1129 260 tua
1166 210 1377 262 turbine
1408 213 1559 263 nullo

296 282 434 332 laeta
473 280 800 334 Paraetoniis
843 283 1086 352 adsignet
1127 284 1340 336 carbasa
1378 285 1544 353 ripiS.'

295 355 551 407 audimur.
614 360 768 408 vocat
806 361 919 425 ipse
959 361 1126 409 ratem
1163 362 1456 427 nautasque
1495 363 1760 413 morantes
1941 375 1996 414 50

294 433 546 498 increpat.
611 449 724 482 ecce
763 450 939 483 meum
977 433 1164 484 timido
1204 437 1311 484 iam
1342 435 1539 502 frigore
1577 439 1760 503 pectus

294 504 493 555 labitur
532 507 583 556 et
620 524 845 574 nequeo,
888 511 1126 574 quamvis
1167 511 1347 559 monet
1388 513 1578 561 ominis
1619 510 1827 578 horror,

295 579 534 630 claudere
575 598 857 648 suspensos
900 582 1175 633 oculorum
1213 586 1270 633 in
1308 587 1546 651 margine
1585 584 1754 637 fletus.

292 656 502 721 iamque
542 657 707 706 ratem
746 658 898 707 terris
941 655 1120 707 divisit
1158 657 1284 708 fune
1326 658 1500 709 soluto

292 731 472 779 navita
513 731 563 779 et
604 733 891 797 angustum
931 730 1116 782 deiecit
1153 734 1211 782 in
1251 750 1478 799 aequora
1515 736 1746 800 pontem.
1940 748 1994 786 55

294 821 477 854 saevus
517 803 640 871 (et)
681 822 706 855 e
745 808 915 872 puppi
954 806 1117 874 longo
1160 807 1386 858 clamore
1424 810 1677 875 magister

294 876 515 945 dissipat
555 879 826 946 amplexus
869 882 1024 948 atque
1065 882 1246 932 oscula
1283 881 1389 932 fida
1427 883 1652 950 revellit,

290 970 387 1003 nec
426 953 650 1021 longum
690 971 807 1004 cara
846 954 969 1006 licet
1007 958 1065 1006 in
1105 959 1300 1007 cervice
1338 960 1548 1008 morari.

293 1029 525 1078 attamen
563 1030 621 1078 in
659 1030 823 1079 terras
866 1047 891 1079 e
930 1029 1082 1097 plebe
1121 1033 1441 1082 novissimus
1483 1034 1628 1083 omni

290 1101 380 1152 ibo
420 1120 516 1153 nec
557 1102 793 1170 egrediar
830 1106 936 1154 nisi
974 1107 1081 1154 iam
1119 1104 1431 1172 (currente)
1471 1109 1660 1157 carina.
1939 1120 1995 1159 60

405 1180 520 1243 quis
569 1176 697 1228 rude
738 1180 788 1228 et
829 1178 1119 1229 abscissum
1158 1182 1362 1231 miseris
1404 1180 1759 1232 animantibus
1802 1199 1997 1249 aequor

290 1250 413 1301 fecit
452 1253 552 1302 iter
593 1252 892 1320 solidaeque
930 1256 1048 1320 pios
1089 1254 1293 1305 telluris
1336 1255 1577 1306 alumnos

294 1326 497 1392 expulit
535 1329 593 1376 in
631 1326 823 1378 fluctus
863 1328 1158 1395 pelagoque
1196 1331 1417 1380 immisit
1455 1329 1625 1381 hianti

290 1399 460 1451 audax
499 1402 737 1468 ingenii?
799 1420 895 1454 nec
935 1405 1075 1453 enim
1114 1406 1390 1454 temeraria
1427 1406 1595 1455 virtus

287 1475 383 1525 illa
420 1478 590 1542 magis
601 1516 613 1542 ‚
656 1494 888 1528 summae
927 1477 1163 1545 gelidum
1203 1495 1334 1546 quae
1374 1477 1561 1530 Pelion
1601 1477 1762 1531 Ossae
1936 1493 1990 1532 65

288 1551 463 1600 iunxit
504 1550 942 1619 anhelantemque
981 1555 1121 1620 iugis
1161 1552 1242 1603 bis
1282 1555 1475 1621 pressit
1516 1551 1817 1622 Olympum.

287 1641 454 1691 usque
496 1624 691 1676 adeone
730 1644 919 1693 parum
958 1627 1127 1677 lentas
1169 1629 1392 1679 transire
1431 1627 1649 1695 paludes

290 1700 583 1767 stagnaque
623 1702 675 1750 et
715 1704 970 1769 angustos
1014 1704 1340 1753 summittere
1379 1702 1633 1770 pontibus
1676 1704 1891 1755 amnes?

287 1775 426 1824 imus
466 1777 525 1825 in
558 1774 852 1842 abruptum
891 1777 1222 1844 gentilesque
1262 1776 1496 1845 undique
1535 1780 1699 1829 terras

288 1848 525 1916 fugimus
568 1852 760 1917 exigua
799 1851 964 1901 clausi
1003 1850 1151 1902 trabe
1193 1854 1243 1902 et
1284 1870 1398 1902 aere
1436 1851 1595 1904 nudo.
1936 1864 1989 1904 70

286 1922 409 1974 inde
450 1923 598 1974 furor
637 1927 808 1976 ventis
850 1925 1262 1993 indignataeque
1300 1927 1562 1994 procellae

287 1999 338 2048 et
378 1998 507 2049 caeli
547 1998 788 2050 fremitus
831 2002 882 2050 et
921 2000 1147 2051 fulmina
1184 2001 1341 2068 plura
1379 2000 1624 2053 Tonanti.

287 2074 408 2123 ante
448 2075 584 2124 rates
626 2077 782 2142 pigro
824 2073 1108 2142 torpebant
1148 2093 1376 2143 aequora
1416 2093 1623 2142 somn0‚

285 2165 381 2198 nec
423 2165 667 2215 spumare
707 2148 890 2200 Thetis
930 2167 1026 2200 nec
1067 2168 1312 2218 spargere
1351 2150 1539 2210 nubila
1576 2149 1767 2202 fluctus

287 2221 564 2274 audebant.
628 2226 755 2274 visis
797 2226 1108 2275 tumuerunt
1146 2225 1416 2292 puppibus
1457 2224 1649 2292 undae,
1934 2238 1987 2276 75

404 2375 452 2409 48
477 2369 578 2411 tua:
605 2368 701 2411 cita
718 2368 936 2427 Saenyer·
963 2384 1048 2412 sua
1067 2370 1355 2415 Cavvaultiws
1373 2374 1492 2414 1904
1501 2384 1550 2426 Ρ
1564 2372 1656 2414 527
1746 2378 1794 2412 49
1819 2369 1986 2414 Laeta:

283 2425 413 2471 laesa
437 2427 662 2472 Heinsius
754 2437 801 2470 52
834 2432 993 2472 monet
1023 2430 1090 2473 ed.
1116 2431 1295 2474 Parma
1331 2431 1485 2473 movet
1575 2437 1624 2472 55
1657 2431 1908 2485 angustum
1939 2445 1985 2478 ςε

284 2488 536 2555 augustum
627 2496 676 2530 56
702 2501 864 2532 saevus
891 2490 938 2532 et
963 2503 986 2532 e
1013 2503 1060 2538 ςε
1089 2489 1260 2533 Saevus
1280 2503 1304 2533 e
1397 2498 1446 2532 6ο
1470 2489 1565 2532 iam
1590 2490 1803 2533 currente
1828 2488 1987 2532 carina

283 2560 431 2590 anom.
458 2547 510 2589 in
541 2548 726 2603 exempl.
755 2548 951 2593 Cor-sim:
988 2547 1084 2592 iam
1116 2549 1296 2593 carina:
1331 2548 1426 2591 iam
1459 2548 1652 2593 cedente
1685 2549 1844 2591 carina
1877 2563 1903 2596 ς

283 2613 329 2647 61
363 2605 621 2649 abscissum
655 2622 700 2655 ς·
735 2607 968 2651 abscisum
1063 2617 1112 2650 63
1144 2608 1296 2652 hianti
1330 2624 1376 2657 <32
1411 2608 1595 2651 hiantes
1687 2617 1736 2650 66
1767 2607 1839 2650 bis
1873 2609 1983 2664 (scil.

283 2669 324 2709 et
364 2666 492 2709 Pelio
532 2671 574 2710 et
616 2667 730 2711 Ossa
768 2668 1015 2723 imposito):
1057 2670 1129 2711 ter
1178 2669 1350 2712 Waller
1381 2671 1506 2712 1885
1530 2682 1580 2724 Ρ.
1605 2670 1667 2711 25
1818 2676 1866 2709 68
1907 2682 1984 2710 an-

283 2726 446 2780 gustos
480 2739 528 2773 ς.
562 2728 808 2782 augustos:
843 2727 1054 2784 angustis
1088 2728 1294 2771 Kochius
1326 2731 1449 2771 1865
1466 2742 1516 2784 Ρ.
1534 2731 1593 2770 15
1617 2727 1733 2771 male
1825 2735 1872 2769 '70
1897 2727 1984 2769 F-u

282 2783 436 2840 gimus
473 2784 664 2842 exigua:
707 2786 876 2843 exigua
908 2786 1115 2843 fugimus
1148 2788 1487 2832 Phillimorius:
1526 2786 1783 2842 linquimus
1817 2786 1985 2843 exigua

282 2843 433 2887 Slater
457 2847 576 2888 1907
592 2859 642 2901 Ρ.
658 2849 745 2888 139
762 2847 906 2901 (haud
922 2848 1075 2903 male):
1101 2846 1338 2903 iungimus
1357 2860 1396 2891 e.
1410 2847 1463 2891 ci.
1477 2846 1674 2904 Saenyer
1767 2855 1812 2888 75
1831 2846 1982 2889 Aude-

283 2902 418 2946 bant:
444 2903 716 2960 gaudebant
735 2906 1067 2950 Marklandus:
1087 2906 1365 2950 tendebant:
1388 2906 1662 2964 Grasberyer
1687 2909 1810 2949 1877
1829 2920 1877 2962 Ρ.
1895 2908 1983 2950 421
