2034 3126
654 519 712 572 Ρ.
744 517 993 571 ΡΑΡΙΝΙ
1034 515 1242 571 STATI

531 640 577 708 S
632 640 668 707 1
723 639 782 706 L
822 639 889 704 V
929 638 997 706 A
1044 638 1109 706 R
1163 637 1233 705 U
1288 637 1365 706 M

788 785 1006 839 LIBER
1042 785 1111 840 Π.

440 948 691 993 STATIUS
723 947 979 993 MELIORI
1010 946 1123 992 SUO
1157 946 1455 991 SALUTEM.

205 1043 278 1096 Et
344 1044 677 1096 familiaritas
746 1043 933 1094 nostra
999 1058 1106 1110 qua
1164 1039 1393 1110 gaudeo,
1460 1038 1653 1092 Melior
1719 1041 1802 1090 vir
1863 1053 1888 1092 5

14 1178 19 1182 ⁴
93 1122 294 1189 optime
337 1135 436 1171 nec
472 1120 650 1170 minus
690 1119 748 1168 in
785 1116 982 1169 iudicio
1022 1117 1322 1168 litterarum
1360 1132 1520 1184 quam
1556 1117 1616 1166 in
1655 1115 1803 1166 omni

91 1197 231 1247 vitae
278 1194 453 1246 colore
497 1194 810 1259 tersissime,
857 1193 909 1243 et
952 1194 1073 1260 i'psa
1110 1191 1491 1260 opusculorum
1529 1206 1662 1258 quae
1700 1187 1802 1240 tibi

8 1283 27 1320 ι
91 1268 243 1322 trado
291 1267 530 1321 condicio
578 1269 653 1319 sic
697 1268 876 1335 posita
922 1268 1002 1318 est
1046 1267 1109 1318 ut
1152 1267 1299 1318 totus
1346 1265 1434 1316 hic
1473 1264 1539 1316 ad
1575 1266 1629 1316 te
1666 1263 1802 1316 liber

91 1362 239 1397 meus
288 1346 448 1395 etiam
488 1345 601 1394 sine
640 1341 869 1410 epistola
907 1343 1121 1410 spectet.
1190 1343 1424 1409 primum
1463 1341 1605 1391 enim
1641 1337 1803 1391 habet

10 1447 18 1452 ·
92 1417 368 1472 Glauciam
419 1419 687 1483 nostrum,
741 1418 890 1468 cuius
944 1418 1251 1485 gratissima
1300 1415 1530 1466 infantia
1579 1415 1631 1466 et
1677 1431 1802 1482 qua·
1836 1427 1890 1466 10

14 1510 18 1515 ·
91 1494 196 1546 lem
250 1494 563 1562 plerumque
610 1491 848 1543 infelices
898 1492 1217 1558 sortiuntur,
1273 1508 1298 1537 *
1327 1508 1351 1537 *
1380 1508 1406 1537 *
1434 1508 1459 1537 ,ιι
1486 1508 1512 1536 *
1562 1488 1705 1557 apud
1749 1490 1802 1540 te

14 1591 19 1605 ’
92 1569 398 1637 complexus
431 1566 686 1634 amabam,
724 1569 833 1618 iam
862 1583 975 1618 non
1004 1565 1106 1618 tibi
1138 1583 1164 1612 »ι
1185 1583 1210 1612 *
1230 1583 1256 1612 :02
1276 1585 1302 1612 2«
1323 1586 1349 1612 »ι
1370 1583 1395 1612 *
1427 1563 1587 1616 huius
1620 1565 1802 1615 amissi

14 1610 27 1687 1
90 1661 270 1696 recens
316 1642 534 1709 vulnus,
584 1643 647 1693 ut
694 1643 818 1708 scis,
867 1639 1100 1709 epicedio
1147 1641 1458 1708 prosecutus
1508 1656 1627 1690 sum
1672 1637 1800 1690 adeo

90 1718 426 1785 festinanter,
488 1719 550 1768 ut
611 1714 962 1768 excusandam
1021 1714 1296 1767 habuerim
1360 1712 1634 1766 affectibus
1692 1715 1799 1764 tuis

90 1794 426 1846 celeritatem.
486 1809 584 1843 nec
620 1808 765 1843 nunc
804 1808 918 1842 eam
954 1789 1095 1859 apud
1126 1792 1178 1841 te
1208 1791 1347 1841 iacto
1388 1791 1481 1857 qui
1511 1790 1671 1856 nosti,
1711 1786 1802 1840 sed
1836 1800 1888 1841 15

90 1871 143 1920 et
189 1870 374 1920 ceteris
421 1865 621 1933 indico,
668 1883 735 1918 ne
782 1867 900 1935 quis
949 1867 1213 1934 asperiore
1259 1865 1389 1916 lima
1434 1880 1644 1915 carmen
1686 1880 1802 1915 exa·

0 1991 2 1995 ,
88 1945 257 1995 minet
310 1945 364 1994 et
416 1959 448 1993 a
500 1941 722 1994 confuso
770 1942 1028 2009 scriptum
1074 1942 1126 1991 et
1173 1938 1375 1991 dolenti
1422 1937 1625 2006 datum,
1681 1955 1802 1990 cum

0 2008 2 2050 ³
90 2035 256 2087 paene
312 2033 637 2085 supervacua
689 2018 799 2068 sint
850 2014 1003 2067 tarda
1049 2015 1258 2067 solacia.
1334 2012 1477 2065 Polli
1522 2015 1627 2065 mei
1672 2013 1802 2065 villa

0 2100 4 2157 ’,
92 2090 406 2145 Surrentina
443 2108 578 2160 quae
617 2092 871 2159 sequitur,
914 2089 1098 2142 debuit
1135 2107 1167 2141 a
1203 2106 1287 2140 me
1326 2089 1411 2140 vel
1447 2090 1507 2140 in
1543 2087 1801 2140 honorem

0 2194 5 2234 ρ
90 2167 423 2236 eloquentiae
458 2168 570 2218 eius
603 2164 913 2234 diligentius
946 2164 1064 2233 dici,
1104 2163 1195 2216 sed
1226 2166 1425 2216 amicus
1457 2163 1682 2231 ignovit.
1742 2165 1802 2215 in
1834 2175 1889 2215 20

211 2320 237 2357 8
267 2311 329 2357 ad
360 2313 409 2356 te
450 2311 667 2357 Vollmer-z
700 2309 848 2355 altae:
881 2309 1005 2355 alter
1035 2324 1063 2360 ς
1167 2318 1192 2354 ο
1224 2309 1406 2367 spectet
1436 2309 1674 2354 Baehrens
1704 2308 1803 2365 (qui

91 2371 152 2418 nd
184 2373 233 2418 te
262 2372 338 2417 hic
367 2372 603 2424 inservio:
635 2372 872 2428 expectet:
906 2383 964 2415 ex
994 2383 1044 2415 se
1069 2370 1154 2427 (vel
1178 2383 1234 2415 ex
1257 2370 1325 2425 re)
1350 2369 1537 2427 spectat
1560 2369 1616 2414 ci.
1634 2368 1801 2413 Philli-

0 2396 36 2514 :t
89 2433 263 2478 marius
292 2435 470 2488 (contra
499 2431 738 2477 clausulae
770 2431 900 2489 leyes)
1052 2438 1100 2474 ιο
1131 2427 1405 2487 gratissima
1436 2427 1661 2473 infantia:
1693 2440 1802 2485 gra-

22 2534 28 2551 ,
90 2490 323 2537 timinam
356 2490 607 2535 infantiam
641 2505 669 2541 ς
804 2499 848 2535 ιι
881 2489 1151 2547 complexus
1175 2502 1267 2548 pro
1297 2502 1389 2535 acc.
1410 2489 1535 2545 plur.
1561 2501 1652 2534 esse
1682 2488 1799 2534 acci·

83 2552 309 2611 piendum
339 2555 532 2608 propter
565 2563 779 2596 nima-os
806 2556 920 2596 reete
950 2555 1133 2595 monent
1163 2549 1286 2595 Saen
1317 2562 1366 2594 er
1395 2554 1436 2593 et
1467 2548 1799 2593 Phillimorius.

89 2617 241 2657 men
270 2613 369 2656 eius
394 2611 687 2656 distinetione
707 2611 874 2656 reiecta
895 2612 1098 2669 yraviter
1120 2610 1270 2667 aliqu‘
1324 2609 1562 2654 turbatwm
1584 2608 1800 2654 arbitror.

88 2672 242 2728 itaque
268 2671 343 2717 hic
363 2684 539 2728 quoque
563 2670 781 2715 lacunam
802 2671 949 2716 statui
1038 2678 1085 2714 n
1101 2674 1209 2727 post
1230 2668 1328 2713 iam
1352 2682 1445 2712 non
1470 2667 1560 2712 tibi
1584 2669 1800 2713 lacunam

87 2732 252 2777 dauci:
285 2730 442 2775 iamne
467 2730 556 2774 tibi
584 2730 843 2776 Krohm‘us:
876 2729 970 2775 iam
998 2743 1104 2775 vero
1127 2728 1219 2774 tibi
1244 2744 1293 2783 ς;
1323 2728 1542 2773 amabam
1567 2726 1661 2772 iam
1686 2729 1800 2772 tunc

90 2787 180 2835 tibi
212 2789 523 2849 (celebrare)
558 2790 821 2836 Karstenue
850 2793 975 2835 1899
1000 2804 1049 2848 p.
1077 2793 1170 2834 350
1311 2796 1357 2832 η
1391 2790 1441 2832 at
1472 2787 1601 2844 (scis)
1634 2786 1800 2833 Philli-

91 2851 265 2896 mon-ius
414 2858 460 2893 ιι
501 2850 519 2894 1
553 2848 692 2895 udico
723 2851 771 2906 (n
801 2863 947 2907 supra
977 2863 1010 2894 n
1040 2863 1124 2895 scr.
1149 2848 1233 2902 1')
1386 2857 1432 2891 ιο
1463 2845 1800 2904 nequisnequis

7 2963 36 2988 ,ἦ
91 2909 301 2967 (alterum
334 2910 418 2956 del.
444 2910 528 2966 1¹)
627 2918 673 2954 18
705 2923 845 2968 snper
877 2922 1024 2955 vacua
1118 2917 1164 2953 10
1196 2908 1419 2968 honorem
1454 2923 1502 2959 ‘3²
1535 2906 1710 2952 honore

0 2992 44 3126 ii
