2034 3126
722 93 1034 141 SILVARUM
1063 96 1112 140 L.
1137 95 1201 140 IV
1704 94 1808 148 101

108 254 343 305 possum.
403 234 696 287 Maximum
727 234 948 286 Vibium
987 236 1040 286 et
1078 233 1355 302 dignitatis
1397 235 1449 284 et
1481 234 1812 301 eloquentiae

108 314 324 365 nomine
386 327 418 361 a
476 309 632 361 nobis
695 308 849 377 diligi
912 311 1040 360 satis
1095 325 1238 359 eram
1290 309 1515 359 testatus
1571 308 1810 375 epistola,

109 379 269 452 quam
314 383 381 436 ad
425 384 581 435 illum
627 382 690 435 de
730 383 961 435 editione
998 381 1296 434 Thebaidos
1335 399 1481 433 meae
1520 381 1811 450 publicavi3

110 459 200 511 sed
252 476 396 511 nunc
450 475 660 526 quoque
715 475 835 509 eum
887 459 1079 509 reverti
1128 458 1387 508 maturius
1436 474 1499 508 ex
1544 454 1812 507 Dalmatia
1843 467 1900 508 25

108 551 256 602 roge.
324 535 506 584 iuncta
552 535 632 584 est
678 532 871 600 egloga
917 531 983 583 ad
1028 534 1351 599 municipem
1397 549 1575 582 meum
1613 528 1813 582 Iulium

108 606 480 675 Menecratem‚
537 606 873 674 splendidum
918 609 1164 658 iuvenem
1210 608 1262 657 et
1307 604 1470 657 Pollii
1515 608 1619 657 mei
1658 622 1812 674 gene-

112 700 245 748 rum,
308 684 393 733 cui
454 681 697 750 gratulor
756 680 899 749 quod
952 678 1238 749 Neapolim
1298 682 1538 732 nostram
1589 697 1811 731 numero

107 756 395 808 liberorum
439 756 812 807 honestaverit.
881 754 1059 807 Plotio
1100 753 1282 824 Grypo
1292 795 1306 822 ,
1351 757 1567 806 maioris
1614 753 1810 823 gradus

107 833 307 897 iuveni,
363 829 578 899 dignius
634 830 949 899 opusculum
1000 829 1235 896 reddam,
1291 829 1382 881 sed
1426 831 1642 880 interim
1686 828 1810 880 hen—
1845 839 1901 879 30

106 904 490 974 decasyllabOS,
537 921 671 973 quos
720 902 1091 957 Saturnalibus
1138 922 1246 955 una
1283 906 1520 971 risimuS,
1567 903 1692 955 huic
1722 920 1811 955 vo-

107 981 301 1032 lumini
338 981 554 1031 inserui.

217 1071 379 1123 quare
410 1070 536 1123 ergo
568 1053 726 1122 plura
755 1055 814 1105 in
846 1055 1035 1122 quarto
1062 1051 1328 1106 Silvarum
1360 1070 1520 1121 quam
1542 1055 1601 1104 in
1623 1055 1811 1120 priori-

105 1128 242 1181 bus?
310 1146 378 1180 ne
418 1146 472 1180 se
510 1130 702 1197 putent
740 1126 943 1197 aliquid
982 1130 1175 1196 egisse,
1215 1130 1308 1195 qui
1346 1126 1810 1196 reprehenderunt,

105 1206 166 1255 ut
221 1202 403 1271 audio,
466 1201 609 1271 quod
660 1201 762 1255 hoc
817 1203 928 1254 stili
982 1220 1151 1271 genus
1207 1201 1501 1254 edidissem.
1578 1204 1811 1270 primum
1844 1212 1900 1254 35

106 1295 490 1347 supervacuum
537 1280 617 1329 est
662 1276 964 1329 dissuadere
1002 1294 1114 1329 rem
1152 1276 1368 1344 factam3
1415 1276 1602 1328 deinde
1640 1276 1812 1328 multa

105 1370 167 1404 ex
212 1353 323 1404 illis
369 1355 477 1404 iam
523 1351 739 1404 domino
788 1349 1000 1404 Caesari
1048 1349 1315 1419 dederam,
1364 1353 1416 1403 et
1462 1353 1662 1420 quanto
1709 1350 1811 1403 hoc

103 1427 224 1522 plus
274 1429 355 1478 est
400 1444 559 1495 quam
607 1425 792 1478 edere?
840 1444 1074 1478 exercere
1122 1429 1299 1478 autem
1343 1429 1462 1478 ioco
1500 1443 1612 1477 non
1649 1425 1809 1478 licet?

133 1499 360 1553 secreto’
406 1504 599 1570 inquit.
669 1500 760 1553 sed
806 1504 859 1554 et
905 1500 1363 1570 sphaeromachias
1412 1503 1710 1569 spectamus
1759 1502 1811 1552 et

103 1577 299 1645 palaris
339 1576 479 1628 lusio
518 1575 766 1628 admittit.
827 1578 1138 1628 novissime:
1178 1578 1418 1644 quisquis
1461 1593 1524 1627 ex
1561 1578 1692 1627 meis
1731 1578 1789 1626 in
1841 1588 1900 1627 40

103 1654 244 1702 vitus
286 1649 489 1719 aliquid
525 1651 674 1720 legit,
714 1653 896 1703 statim
936 1668 990 1703 se
1020 1650 1335 1719 profiteatur
1366 1649 1658 1702 adversum.
1719 1652 1810 1717 ita,

103 1743 264 1794 quare
327 1726 552 1778 consilio
615 1728 726 1777 eius
789 1724 1067 1778 accedam?
1153 1728 1213 1777 in
1275 1742 1559 1791 summam,
1619 1742 1809 1793 nempe

102 1818 202 1869 ego
244 1818 362 1851 sum
401 1803 494 1869 qui
532 1799 801 1868 traducor3
848 1802 1020 1852 taceat
1060 1802 1113 1853 et
1145 1798 1388 1870 gaudeat.
1449 1799 1593 1851 hunc
1631 1801 1810 1851 tamen

101 1874 299 1927 librum
338 1878 422 1943 tu,
468 1873 736 1943 Marcelle,
784 1873 1028 1927 defendes
1038 1916 1051 1942 ,
1092 1877 1144 1927 et
1184 1877 1229 1927 si
1267 1873 1497 1943 videtur,
1537 1874 1808 1941 hactenuS,

0 1941 23 2021 ’1
102 1953 185 2001 sin
224 1952 418 2017 minus,
456 1948 911 2018 reprehendemur.
972 1951 1104 2003 vale.
1842 1961 1898 2001 45

219 2102 268 2138 η
300 2094 474 2138 vivium
504 2093 573 2137 1²
602 2095 677 2150 (cf.
695 2094 897 2140 Nomius
929 2097 1052 2140 1877
1078 2108 1127 2152 p.
1146 2098 1236 2140 517
1268 2099 1309 2141 et
1333 2096 1401 2140 tit.
1419 2095 1547 2152 apud
1572 2096 1810 2141 Moorium

100 2153 330 2200 Har-card
343 2154 516 2199 studies
533 2154 638 2199 XX
652 2157 774 2200 1909
785 2169 832 2212 p.
844 2159 870 2199 1
879 2168 943 2212 sq.
961 2153 1175 2199 centuria
1191 2154 1302 2199 Vibi
1315 2153 1548 2211 Maximi):
1566 2169 1749 2200 muium

26 2242 28 2246 ψ
99 2221 149 2258 u
176 2212 365 2259 thebais
390 2213 524 2258 statii
547 2213 617 2257 1²
637 2215 690 2259 in
713 2228 799 2273 my.
892 2222 938 2258 81
962 2213 1172 2259 risimus:
1205 2214 1402 2258 lusimus
1427 2214 1750 2260 Phillimorius

99 2281 151 2318 88
182 2272 405 2333 (artem)
432 2278 539 2331 poet
570 2275 728 2319 autem
760 2274 867 2319 add.
894 2274 1214 2320 Phillimorius
1346 2274 1471 2319 ioco:
1506 2273 1632 2319 iocos
1666 2289 1689 2318 ο

30 2348 37 2361 ·
98 2341 150 2378 ⁸0
181 2332 350 2391 sphero
381 2332 592 2378 machias
707 2333 1097 2391 sphaeromachia
1129 2335 1395 2391 spectantes
1429 2334 1749 2380 Phillimorius

98 2401 151 2437 u
172 2391 350 2450 palaris
375 2418 431 2426 —
457 2392 671 2437 admittit
693 2393 805 2451 (scil.
822 2396 1128 2451 spectatoree):
1153 2393 1320 2451 pilax-is
1346 2419 1401 2427 —-
1426 2393 1696 2438 admittitur
1719 2409 1747 2444 ς

97 2461 143 2496 41
175 2452 472 2510 profiteatur:
509 2451 756 2510 profitetur
785 2466 889 2498 cwm
919 2453 1101 2499 Aldina
1142 2454 1370 2499 Vahlenus
1521 2454 1610 2498 ita:
1644 2453 1806 2511 itaque

5 2521 36 2559 ε·
99 2513 334 2558 Baehrens
423 2520 475 2555 4⁸
506 2515 684 2557 taceat:
717 2511 865 2557 faciat
888 2504 1150 2559 Karstenus
1174 2517 1299 2558 1899
1316 2527 1366 2572 p.
1390 2516 1484 2559 362
1573 2522 1621 2557 44
1655 2513 1737 2558 sed
1766 2513 1807 2558 si

100 2571 298 2627 videtur,
323 2571 566 2616 hactenus.
614 2571 739 2617 hunc
761 2573 921 2617 tamen
944 2572 1117 2617 librum
1141 2574 1195 2618 tu
1219 2572 1440 2618 Marcelle
1466 2572 1706 2629 defendes,
1731 2571 1804 2617 sin

98 2630 268 2686 minus,
291 2630 687 2689 reprehendemur
711 2632 924 2678 Vollmer:
948 2632 1075 2677 hunc
1092 2667 1102 2677 .
1123 2666 1133 2677 .
1153 2667 1162 2677 .
1182 2667 1192 2677 .
1212 2632 1425 2686 defende,
1451 2632 1532 2677 sed
1550 2633 1588 2676 si
1605 2633 1804 2688 videtur,

31 2684 43 2743 ,¹
97 2689 342 2746 hactenus,
375 2690 414 2735 si
446 2690 585 2735 nimis
617 2690 1012 2749 reprehendemur
1037 2692 1310 2751 Madviyiue
1334 2696 1458 2738 1873
1475 2707 1525 2750 p.
1546 2695 1653 2737 161:
1680 2692 1804 2736 hunc

9 2751 37 2810 ζ’
99 2783 110 2794 .
136 2786 145 2795 .
173 2786 182 2795 .
210 2749 454 2795 defendes:
492 2763 565 2795 me
597 2750 637 2795 si
667 2750 853 2797 videtur
883 2751 1131 2806 hactenus,
1165 2751 1206 2796 si
1236 2751 1377 2797 nimis
1409 2751 1805 2809 reprehendemur

10 2823 13 2840 ⁴
99 2809 359 2856 Karstenue
397 2810 424 2854 l.
455 2810 507 2862 1.;
548 2810 632 2855 lac.
653 2815 756 2868 poet
793 2810 1021 2856 hactenus
1058 2813 1223 2857 statuit
1260 2811 1480 2870 Saenyer,
1519 2812 1638 2857 idem
1675 2813 1802 2857 recte

96 2875 204 2915 unte
232 2869 628 2927 reprehendemur
656 2870 847 2929 supplet.
888 2871 926 2916 si
960 2871 1145 2916 videtur
1176 2873 1206 2916 i.
1230 2872 1273 2917 ei
1304 2872 1390 2917 tibi
1412 2872 1643 2930 probatur
1675 2872 1800 2927 liber,

96 2930 156 2984 es.
182 2929 426 2975 Adrianus
459 2932 579 2975 1893
603 2943 652 2987 p.
679 2933 739 2975 17
828 2938 877 2975 45
908 2946 1023 2975 νΑιε
1054 2932 1207 2977 rubris
1239 2931 1402 2977 litteris
1430 2960 1435 2967 ·
