2034 3126
724 70 1069 116 PRAEFATIO
1578 71 1758 116 XXXV

48 215 378 264 recentissimi
423 229 479 263 ex
527 223 579 262 m
627 212 918 262 correctoris
956 215 1104 261 notae
1143 211 1196 259 in
1234 207 1283 260 M
1324 211 1569 274 adpictae.
1638 229 1757 261 nam

51 304 160 337 cum
199 288 286 337 ille
323 287 350 336 I
376 290 424 349 2,
450 290 551 336 221
598 287 661 335 ad
701 303 900 336 versum
931 286 1230 349 explendum
1260 287 1315 334 in
1346 288 1574 350 margine
1606 287 1757 336 adno-

48 364 235 411 taverit
272 363 415 424 celer,
453 363 576 411 haec
615 378 711 411 vox
750 365 802 410 et
835 362 887 409 in
919 356 953 411 S
993 364 1044 410 et
1073 362 1122 408 in
1158 355 1201 410 U
1234 361 1407 409 eadem
1439 377 1609 410 versus
1642 362 1757 411 sede

51 439 227 486 exstat.

124 527 182 559 ex
229 512 404 560 ceteris
451 510 689 574 exemplis
735 510 978 560 nonnulla
1015 510 1149 558 infra
1186 510 1241 558 in
1278 508 1505 557 tabulam
1547 510 1756 559 collecta

49 601 336 648 proponam-
383 585 513 634 illud
542 586 708 633 tamen
740 601 839 633 non
872 586 1034 634 ausim
1065 586 1200 633 certo
1234 583 1506 632 diiudicare
1522 611 1596 618 —
1613 601 1672 634 ac
1701 601 1756 633 re

49 675 168 708 vera
197 675 375 723 parum
405 660 836 708 refert—utrum
867 659 995 708 illud
1026 659 1271 708 librorum
1303 653 1337 708 S
1362 659 1412 707 et
1437 653 1481 707 U
1506 659 1758 722 exemplar

50 744 90 782 6
129 750 188 781 ex
225 734 335 797 ipso
365 733 648 783 Matritensi
687 736 969 783 manaverit
1008 750 1069 781 an
1111 733 1240 782 alius
1282 733 1435 782 codex
1469 735 1602 782 inter
1634 742 1676 781 σ
1706 738 1757 782 et

48 804 98 859 Μ
128 809 476 858 intercesserit.
540 808 876 857 consideranti
908 809 1075 856 autem
1107 808 1374 856 lectionem
1407 817 1444 855 σ
1479 808 1503 855 Ι
1533 811 1578 870 2,
1605 809 1637 856 8
1670 809 1754 857 ab·

44 887 212 932 suetuo
244 899 335 946 pro
366 899 424 932 eo
456 883 590 946 quod
621 882 674 931 in
703 878 755 933 Μ
786 883 909 932 satis
941 882 1158 931 dilucide
1191 884 1355 931 exstat
1387 882 1608 944 adsueto,
1641 899 1755 946 pro-

46 957 263 1006 babilius
294 973 486 1021 semper
514 957 678 1006 visum
710 961 785 1006 est
815 953 867 1007 Μ
898 974 997 1006 non
1028 959 1239 1020 patrem,
1269 957 1356 1007 sed
1389 973 1534 1006 avum
1571 957 1756 1006 codicis

48 1043 90 1081 σ
121 1048 238 1081 esse.
287 1048 402 1081 nam
432 1032 551 1081 licet
580 1034 634 1080 in
667 1033 956 1097 apographo
988 1032 1104 1080 libri
1135 1026 1184 1081 M
1217 1033 1287 1081 sic
1317 1032 1409 1080 illa
1440 1048 1535 1081 vox
1568 1033 1756 1096 scripta

47 1152 152 1186 esse
190 1138 412 1199 potuerit
450 1111 675 1193 absueti'c,
713 1137 926 1185 miratus
966 1152 1077 1185 sum
1115 1139 1383 1199 utrumque
1422 1136 1607 1184 librum
1639 1131 1673 1187 S
1705 1138 1758 1185 et

47 1205 92 1260 l]
129 1211 246 1259 hinc
279 1213 512 1260 abstcetuo
542 1213 739 1273 fecisse,
780 1211 914 1274 quod
946 1214 1121 1260 contra
1149 1226 1298 1260 usum
1330 1213 1461 1260 certe
1492 1211 1687 1260 librarii
1719 1206 1754 1262 S

48 1289 138 1348 est,
163 1287 253 1348 qui
276 1286 615 1349 compluribus
638 1286 760 1336 locis
785 1288 1094 1335 correcturas
1119 1301 1244 1349 quas
1267 1287 1320 1333 in
1345 1295 1387 1334 σ
1402 1301 1553 1348 supra
1569 1286 1755 1334 lineam

50 1360 327 1424 adscriptas
358 1361 513 1410 fuisse
546 1360 940 1411 concludendum
973 1365 1068 1422 est,
1100 1361 1154 1408 in
1183 1361 1377 1409 textum
1406 1360 1607 1423 recepit.
1669 1361 1755 1410 sed

48 1438 166 1483 utut
205 1437 281 1483 est
317 1434 444 1483 nihil
481 1436 648 1485 valere
686 1435 842 1485 libros
881 1430 962 1484 SU
1002 1435 1063 1483 ad
1100 1437 1436 1484 recensionem
1473 1435 1755 1484 faciendam

47 1509 367 1558 manifestum
401 1504 539 1577 est.¹)

122 1584 223 1632 iam
256 1600 370 1633 cum
402 1584 626 1649 singulos
658 1584 813 1633 libros
842 1585 1208 1647 manuscriptos
1234 1601 1291 1632 ex
1315 1584 1602 1634 Matritensi
1624 1585 1754 1634 libro

45 1658 338 1722 profiuxisse
376 1659 904 1719 demonstraverimus,
945 1675 1002 1708 eo
1041 1675 1120 1708 res
1158 1659 1362 1708 redacta
1401 1662 1476 1708 est
1514 1662 1572 1708 ut
1609 1660 1754 1708 illum

46 1734 355 1797 archetypon
392 1736 501 1782 iure
539 1734 793 1797 appellare
824 1735 1086 1796 possimus.
1150 1735 1303 1796 atque
1337 1734 1468 1796 quod
1500 1734 1552 1782 in
1585 1737 1752 1798 singu-

45 1809 209 1858 lorum
225 1808 450 1858 codicum
465 1810 752 1859 recensione
770 1809 1136 1870 adnotavimuS‚
1153 1808 1279 1857 alios
1297 1809 1487 1859 codices
1503 1810 1753 1859 immunes

46 1898 151 1932 esse
198 1885 495 1933 correcturis
533 1894 608 1946 m,
656 1882 782 1932 alios
822 1884 1006 1933 eisdem
1048 1899 1151 1932 esse
1190 1883 1399 1933 refertos
1439 1883 1540 1931 iam
1578 1883 1756 1933 tabula

46 1960 322 2020 composita
359 1958 693 2020 illustramus,
731 1974 832 2021 qua
871 1961 923 2007 et
959 1951 1034 2007 M²
1072 1960 1123 2007 et
1161 1969 1214 2007 m
1250 1962 1561 2007 correcturae
1593 1961 1750 2007 conti-

44 2035 247 2081 nentur:
284 2035 407 2082 nota
443 2039 496 2099 ψ
535 2034 703 2082 omnia
741 2033 1033 2097 apographa
1063 2033 1424 2097 significantur.
1488 2034 1635 2082 omisi
1667 2049 1751 2082 eos

47 2107 180 2156 locos
220 2106 400 2171 quibus
439 2109 686 2158 corrector
714 2101 789 2157 Μ’
827 2109 1028 2171 apertos
1065 2107 1259 2156 librarii
1300 2123 1511 2165 errores,
1549 2109 1690 2157 velut
1727 2123 1755 2156 s

44 2197 136 2246 pro
175 2198 203 2230 r
240 2183 482 2245 scriptum
520 2182 804 2231 emendavit
842 2182 920 2231 vel
960 2182 1113 2232 verba
1145 2183 1206 2231 ab
1238 2182 1327 2232 illo
1359 2198 1622 2247 perperam
1655 2182 1753 2231 dis-

45 2256 204 2305 tincta
234 2260 367 2305 recte
400 2256 667 2306 coniunxit.

123 2373 165 2425 1)
203 2369 266 2414 ad
313 2369 488 2414 librum
533 2373 569 2412 u
615 2368 824 2427 proxime
870 2369 1059 2415 videtur
1105 2368 1330 2415 accedere
1370 2372 1515 2415 codex
1555 2369 1750 2426 quidam

45 2428 290 2474 Ravennae
315 2433 417 2484 312,
442 2428 574 2474 cuius
597 2430 779 2487 partem
805 2428 884 2485 (m
902 2434 944 2485 4,
964 2432 1125 2486 1—60)
1152 2428 1428 2474 Skutschius
1453 2430 1503 2474 in
1525 2429 1751 2474 Vollmeri

43 2502 182 2534 usum
214 2488 428 2534 contulit.
477 2488 553 2533 hic
585 2503 679 2545 qua
710 2492 782 2533 est
812 2488 1110 2548 benignitate
1142 2490 1259 2534 mihi
1291 2489 1590 2534 collationem
1621 2492 1751 2534 tran-

0 2553 6 2565 *
44 2548 245 2606 scripsit.

238 2608 297 2654 cf.
322 2607 385 2653 111
410 2613 453 2663 4,
478 2613 534 2653 29
560 2614 689 2666 patet
719 2610 1008 2667 Ba(vennu):
1035 2614 1171 2666 pater
1201 2613 1257 2664 ῦς
1286 2613 1426 2666 putat
1456 2613 1530 2652 su

478 2672 535 2712 30
567 2668 690 2714 mille
718 2672 889 2722 Βαδῦς
919 2669 1077 2714 nullae
1107 2673 1152 2713 Π

477 2733 535 2772 46
565 2742 714 2773 secum
743 2732 812 2772 Be.
830 2732 914 2782 8113
946 2730 1013 2774 sic
1043 2733 1087 2771 Π

478 2792 695 2846 boprtor
724 2791 792 2831 Be.
809 2791 895 2845 8113
984 2790 1140 2846 optior
1168 2792 1213 2832 n

43 2845 171 2892 idem
203 2849 276 2892 eet
306 2846 450 2893 codex
484 2802 740 2893 Classen-is
773 2851 881 2903 812,
883 2803 1026 2893 ff'nrr
1027 2861 1109 2891 ara
1140 2848 1387 2903 oriundus,
1422 2848 1479 2892 de
1513 2861 1605 2904 qno
1638 2861 1749 2893 eon-

43 2904 168 2952 {ms
201 2906 563 2962 Sabbadinium,
595 2906 696 2953 Riv.
722 2906 771 2951 di
803 2906 914 2952 filol.
942 2911 1079 2961 1899
1111 2922 1155 2965 p
1183 2912 1283 2952 400.

1398 2982 1477 3027 '0⁵'
