2034 3126
735 81 1078 139 ΡΒΑΕΕΑΤΙΟ
1659 83 1761 128 xm

56 230 334 275 monstrum
374 226 426 274 in
467 227 658 274 textum
697 222 955 287 pervenire
993 224 1239 285 potuerit,
1286 223 1409 272 satis
1448 225 1760 287 perspicitur.

53 303 156 349 iam
197 300 315 363 quid
355 300 415 349 de
454 301 524 348 eis
564 299 687 348 locis
724 297 1058 355 iudicabimus
1091 290 1214 359 quos
1246 299 1304 345 ut
1334 297 1510 347 dubios
1541 297 1761 362 reliqui?

53 376 77 424 Ι
106 379 153 437 1,
181 377 211 423 2
249 379 505 436 peractum
548 373 771 437 potuisse
812 371 1096 421 coniectura
1134 372 1350 421 inveniri
1388 389 1533 421 nemo
1572 373 1760 422 infitias

53 449 159 497 ibit.
208 449 260 498 H
280 452 327 510 1,
348 451 451 497 125
487 447 620 511 quod
649 449 704 496 in
733 441 783 496 Μ
814 446 1005 510 legitur
1033 448 1174 495 iuxta
1204 447 1365 495 teneri
1387 448 1574 510 potest:
1605 449 1759 496 immo

52 523 377 572 Marklandus
399 525 539 572 iuxta
563 521 776 572 coniecit
798 537 889 584 pro
914 536 971 569 eo
997 520 1130 583 quod
1154 522 1208 569 in
1225 520 1327 570 suis
1344 521 1484 570 libris
1500 522 1763 571 invenerat

51 601 218 647 mixta.
279 613 371 646 nec
409 614 507 646 non
549 597 574 645 Ι
606 597 761 659 praef.
790 597 859 645 20
900 597 1004 643 sine
1043 595 1135 643 illa
1174 596 1459 645 coniectura
1489 590 1561 646 Μ’
1602 596 1667 644 ad
1701 597 1759 644 li-

55 672 263 735 quidum
302 671 508 735 perduci
543 672 757 735 postest:
797 669 1036 718 Politiani
1070 669 1203 718 enim
1234 669 1520 719 coniectura
1550 671 1764 734 probata

51 746 318 811 legendum
365 762 469 796 esse
518 761 714 795 censeo:
761 760 911 805 quam
956 746 1097 793 timeo
1133 759 1195 793 ne
1233 772 1307 778 —
1336 745 1566 806 probent!
1628 762 1759 795 unus

52 821 192 870 locus
215 823 374 870 restat
389 838 536 885 quem
555 820 802 884 quomodo
820 818 1061 882 explicem
1078 834 1258 882 anceps
1274 820 1477 869 haereo:
1501 819 1528 868 I
1542 821 1699 883 praef.
1713 823 1760 883 6,

48 895 135 943 ubi
184 895 319 959 quod
365 898 614 945 corrector
652 888 726 944 Μ’
771 894 965 955 elicuit,
1011 908 1110 955 qua
1147 897 1295 955 parte
1340 895 1535 943 voluisti
1579 911 1669 957 per
1708 911 1758 943 se

52 985 248 1019 sensum
288 970 640 1033 probissimum
679 967 899 1032 praebet.
961 968 1047 1017 sed
1087 969 1334 1031 quomodo
1373 969 1496 1018 haec
1526 970 1579 1017 in
1610 969 1764 1018 verba

48 1060 148 1107 qua
172 1049 308 1106 pes-te
340 1048 384 1093 et
411 1041 612 1094 voluisti
642 1043 779 1093 abire
811 1041 1123 1106 potuerunt?
1169 1045 1301 1092 certe
1332 1044 1376 1092 si
1405 1045 1460 1092 in
1491 1044 1764 1108 exemplari

49 1135 139 1168 suo
185 1119 458 1169 invenisset
494 1122 643 1180 parte
686 1116 946 1179 librarius,
992 1118 1133 1166 nullo
1179 1117 1327 1168 modo
1365 1119 1763 1183 transcripsisset

41 1198 179 1255 peste
218 1198 276 1242 et.
337 1195 658 1243 manifestum
696 1193 853 1258 igitur
891 1195 967 1241 est
1006 1194 1333 1242 correctorem
1368 1194 1569 1242 levitati
1599 1194 1761 1258 magis

50 1268 388 1318 consulentem
422 1284 574 1332 quam
604 1267 721 1317 fidei
745 1268 1042 1330 exemplaris
1067 1267 1463 1317 emendationem
1488 1268 1761 1318 admisisse.

125 1345 229 1391 iam
244 1347 304 1392 ut
320 1359 564 1392 summam
580 1343 727 1391 huius
745 1342 1103 1405 disputationis
1120 1342 1381 1405 faciamus,
1398 1359 1459 1391 ne
1471 1336 1547 1393 Μ’
1559 1343 1759 1406 quidem

50 1418 303 1480 exemplar
342 1418 595 1479 adhibuit,
633 1416 765 1466 unde
796 1411 847 1466 Μ
885 1416 1042 1465 fluxit.
1106 1418 1341 1479 quoniam
1382 1419 1541 1482 igitur
1570 1418 1622 1466 in
1655 1418 1766 1467 sola

50 1493 214 1557 prima
245 1509 400 1541 manu
423 1492 731 1542 Matritensis
754 1493 1091 1540 recensionem
1115 1491 1209 1539 niti
1236 1491 1412 1541 debere
1437 1492 1763 1555 ostendimuS,

51 1582 78 1616 e
108 1583 162 1615 re
193 1566 289 1615 erit
320 1583 422 1616 uno
455 1566 635 1616 obtutu
662 1582 938 1630 proponere
965 1566 1103 1629 quali
1126 1566 1330 1617 vinculo
1354 1567 1543 1632 singuli
1566 1567 1759 1617 codices

52 1657 163 1691 cum
179 1641 465 1691 Matritensi
489 1641 802 1703 cohaereant,
824 1640 877 1689 id
902 1641 1034 1704 quod
1057 1641 1151 1689 hoc
1172 1643 1434 1703 stemmate
1452 1642 1583 1692 effici
1598 1642 1762 1699 volui:

522 2531 559 2580 R
711 2533 877 2590 1111(st

1586 2680 1655 2730 SU

119 2762 332 2828 denique
357 2769 414 2813 ut
439 2765 721 2814 illustretur
744 2766 976 2830 cognatio
1000 2765 1224 2815 codicum
1243 2767 1461 2830 primam
1480 2764 1629 2829 primi
1648 2763 1766 2813 libri

49 2838 271 2904 eclogam
319 2854 430 2888 cum
469 2838 617 2905 pleno
657 2841 905 2905 apparatu
947 2840 1119 2890 critico
1160 2840 1234 2889 ita
1273 2840 1356 2889 hic
1399 2838 1661 2903 proposui,
1708 2841 1768 2887 ut

46 2913 237 2976 primae
273 2915 326 2962 in
357 2907 408 2964 Μ
439 2929 619 2963 manus
651 2916 843 2963 textum
868 2904 1213 2965 ‘erscriberem
