2034 3126
220 97 294 149 24
834 95 882 138 P.
909 94 1113 138 PAPINI
1145 93 1319 138 STATI

218 234 465 302 ponderis
506 236 751 285 immensi
792 232 1147 300 damnosaque
1185 231 1277 283 fila
1317 234 1551 283 senectae

219 312 365 360 exuit
405 311 561 376 atque
602 309 733 358 alios
774 308 962 358 melior
1000 309 1269 358 revirescit
1306 309 1364 357 in
1403 325 1584 359 annos,

219 402 344 451 ergo
386 384 579 434 alacres
591 424 603 449 ,
645 400 778 450 quae
820 385 973 449 signa
1013 382 1196 432 colunt
1226 380 1449 447 urbana,
1491 381 1730 432 cohortes

217 461 379 526 inque
420 460 596 508 sinum
636 474 770 524 quae
803 473 955 523 saepe
994 458 1148 506 tuum
1187 455 1302 506 fora
1340 455 1553 506 turbida
1592 458 1836 523 questum
1864 469 1917 506 10

220 532 558 599 confugiunt,
599 532 741 598 leges
782 530 1044 598 urbesque
1083 529 1401 597 ubicumque
1439 532 1672 598 togatae,

219 625 353 674 quae
392 609 486 657 tua
523 607 834 673 longinquis
874 605 1166 672 implorant
1202 607 1319 654 iura
1359 605 1606 672 querelis,

220 683 421 732 certent
459 681 683 745 laetitia,
722 681 1007 747 nosterque
1047 697 1109 730 ex
1149 678 1331 730 ordine
1372 679 1520 730 collis

219 756 511 807 confremat
552 757 602 805 et
643 755 833 806 sileant
871 756 1065 821 peioris
1105 771 1377 804 murmura
1415 753 1605 803 famae!

221 833 417 898 quippe
456 831 634 880 manet
673 829 1000 896 longumque
1041 845 1165 879 aevo
1206 827 1454 879 redeunte
1492 826 1746 892 manebit,
1866 839 1917 878 15

221 922 376 972 quem
415 921 573 971 penes
614 902 907 970 intrepidae
946 904 1090 953 mitis
1132 901 1371 953 custodia
1408 901 1621 953 Romae.

219 997 316 1030 nec
355 980 565 1029 tantum
604 977 875 1028 induerint
913 977 1036 1027 fatis
1076 994 1216 1028 nova
1255 977 1462 1028 saecula
1501 979 1697 1027 crimen

221 1056 313 1104 aut
351 1055 634 1103 instaurati
673 1053 966 1120 peccaverit
1006 1069 1096 1102 ara
1133 1050 1363 1102 Tarenti.

332 1129 413 1179 ast
445 1145 541 1195 ego
566 1145 662 1177 nec
686 1125 973 1193 Phoebum,
1007 1143 1326 1194 quamquam
1349 1125 1481 1176 mihi
1507 1124 1664 1175 surda
1689 1127 1800 1176 sine
1824 1126 1919 1176 illo

219 1203 439 1270 plectra,
479 1219 575 1252 nec
614 1198 815 1252 Aonias
857 1200 1056 1251 decima
1095 1218 1214 1251 cum
1252 1199 1467 1251 Pallade
1507 1199 1652 1250 divas
1863 1212 1919 1250 20

221 1279 312 1328 aut
349 1279 532 1327 mitem
571 1274 774 1344 Tegeae
811 1273 1060 1326 Dircesve
1090 1273 1344 1326 hortabor
1383 1275 1678 1325 alumnum:

218 1354 334 1419 ipse
372 1354 493 1402 veni
531 1353 772 1418 viresque
811 1367 975 1401 novas
1017 1352 1355 1417 animumque
1394 1351 1659 1414 ministra,

221 1429 312 1494 qui
353 1428 574 1476 cancris:
616 1424 769 1476 docto
809 1442 906 1475 nec
946 1427 1087 1475 enim
1127 1426 1238 1475 sine
1277 1426 1494 1474 numine
1534 1425 1714 1474 tantus

220 1498 490 1551 Ausoniae
530 1499 717 1551 decora
756 1499 932 1567 ampla
970 1501 1127 1566 togae
1168 1500 1482 1566 centumque
1522 1497 1711 1549 dedisti

219 1574 474 1625 iudicium
512 1576 846 1642 mentemque
884 1576 1027 1624 viris,
1090 1574 1213 1624 licet
1253 1572 1441 1624 enthea
1479 1574 1613 1623 vatis
1865 1585 1919 1623 25

221 1648 463 1700 excludat
502 1647 688 1716 Piplea
727 1650 871 1699 sitim
909 1665 1005 1699 nec
1046 1650 1254 1700 conscia
1294 1646 1445 1698 detur

219 1723 428 1774 Pirene:
470 1724 647 1791 largos
688 1725 868 1790 potius
908 1722 1040 1774 mihi
1079 1739 1273 1790 gurges
1314 1724 1372 1772 in
1410 1721 1654 1787 haustus,

221 1801 312 1866 qui
352 1800 558 1866 rapitur
598 1797 659 1848 de
699 1797 846 1848 fonte
885 1799 979 1848 tuo
989 1838 1002 1864 ,
1044 1815 1135 1848 seu
1173 1798 1334 1864 plana
1374 1797 1562 1847 solutis

340 2041 362 2073 9
383 2031 594 2076 cohortes
610 2047 673 2076 m:
700 2032 946 2075 chohortes
1038 2039 1085 2073 10
1102 2033 1318 2086 questum
1336 2030 1672 2076 Marklandus:
1695 2032 1862 2086 questu

222 2099 262 2132 11
295 2090 446 2148 leges:
479 2093 643 2148 gentes
676 2092 853 2136 Polster
885 2094 1008 2135 1884
1031 2105 1084 2147 p.
1110 2095 1166 2135 11
1302 2091 1495 2148 togatae
1527 2105 1575 2140 ςε
1606 2091 1802 2147 rogatae

221 2159 266 2192 123
292 2152 472 2194 certent
496 2166 544 2200 ς;
579 2150 771 2195 Certant
860 2148 1089 2206 nosteque
1113 2151 1379 2205 (nosterque
1404 2152 1449 2208 ς)
1475 2163 1531 2194 ex
1555 2148 1718 2194 ordine
1743 2148 1874 2193 collis
1911 2150 1915 2204 ι

222 2209 509 2254 Confremat:
543 2224 622 2254 vos
653 2212 819 2267 terque
851 2212 1018 2267 (aeque
1042 2211 1243 2255 Nohlius
1274 2213 1391 2254 1871
1416 2225 1467 2267 p.
1493 2214 1574 2255 38:
1608 2211 1787 2266 septem
1814 2210 1919 2254 Cor-

221 2271 414 2314 nelissen
447 2273 571 2314 1877
597 2286 645 2326 p.
662 2272 774 2326 280)
809 2283 864 2314 ex
896 2269 1059 2314 ordine
1088 2269 1230 2313 colles
1256 2268 1531 2313 confremite
1554 2269 1774 2324 Imhoflus
1797 2273 1919 2313 1859

216 2344 264 2385 p.
282 2332 354 2374 34.
409 2331 567 2373 noster
600 2344 655 2374 ex
686 2329 849 2373 ordine
874 2329 1006 2373 collis
1032 2330 1086 2374 de
1108 2334 1271 2386 septem
1295 2329 1484 2373 collibus
1509 2329 1680 2374 Romae
1704 2329 1919 2386 intelleye,

222 2403 332 2432 nam
370 2388 423 2432 de
458 2390 587 2444 poesi
623 2404 755 2434 versu
791 2393 920 2446 19sq.
955 2390 1111 2447 a9itur
1259 2396 1306 2431 15
1336 2390 1499 2432 manet
1529 2403 1576 2438 ςε
1609 2389 1802 2431 manent

221 2457 265 2490 17
284 2446 526 2492 induerint
541 2448 674 2492 fatis:
692 2447 953 2492 indiderint
967 2447 1102 2492 fastis
1122 2449 1365 2493 Morellius
1454 2456 1500 2491 18
1517 2449 1614 2492 Aut
1628 2447 1715 2491 11¹:
1732 2446 1862 2490 Haut

222 2506 435 2551 Tarenti:
469 2507 660 2551 Terenti
692 2523 719 2556 ς
833 2517 882 2550 23
914 2507 996 2563 qui
1029 2522 1076 2557 ςε
1109 2507 1214 2563 quis
1331 2508 1514 2551 tantus:
1547 2506 1695 2551 tantis
1725 2507 1917 2551 Hirsch—

222 2567 392 2622 feldius
402 2570 522 2611 1881
529 2582 577 2623 p.
588 2571 641 2611 2}
651 2572 700 2612 2:
720 2567 878 2612 laurus
889 2569 1003 2625 (qen.
1015 2581 1116 2612 cum
1124 2566 1360 2610 Ausoniae
1369 2568 1663 2625 coniunyens)
1673 2566 1870 2624 Saenyer

214 2632 321 2682 post
353 2643 395 2670 v.
412 2629 474 2671 23
507 2629 722 2671 lacunam
752 2629 916 2672 statuit
938 2627 1244 2671 Schwartzius
1276 2630 1397 2671 1889
1413 2641 1462 2683 p.
1482 2631 1539 2671 14
1562 2627 1616 2671 de
1639 2627 1920 2671 carminibus

227 2685 399 2730 Gallici
429 2692 580 2731 actum
612 2701 700 2731 esse
731 2691 875 2731 ratus.
908 2687 986 2731 sed
1016 2700 1166 2731 vereor
1189 2700 1245 2730 ne
1268 2687 1333 2730 sic
1355 2686 1647 2731 debilitentur
1668 2699 1708 2729 υ.
1725 2688 1859 2742 2739.

223 2753 270 2786 24
296 2747 437 2802 togae
454 2761 516 2789 m:
541 2759 684 2802 rogae
776 2748 1076 2801 centumque:
1104 2747 1375 2800 certumque
1391 2745 1732 2801 Hirschfeldius
1748 2746 1857 2789 ibid.

224 2813 271 2846 25
296 2803 437 2848 vatis:
463 2804 561 2848 vati
585 2806 811 2850 Heinsius
902 2814 950 2847 26
974 2804 1156 2862 piplea:
1181 2804 1395 2860 Pimplea
1420 2819 1442 2847 ο
1465 2806 1598 2863 vulyo
1689 2813 1735 2847 27
1761 2804 1918 2860 potius

223 2864 298 2919 (cf.
323 2863 588 2909 Skutschius'
618 2869 742 2910 1893
767 2880 815 2922 p.
842 2867 971 2920 825):
1004 2863 1161 2921 potior
1191 2865 1296 2909 Nic.
1315 2865 1491 2909 Faber:
1523 2863 1644 2908 alius
1672 2864 1773 2909 Otto
1799 2868 1919 2910 1887

217 2937 265 2982 10.
292 2926 403 2967 371:
427 2923 606 2984 positus
639 2924 838 2986 Saenyer
926 2924 1124 2970 haustus
1156 2925 1308 2984 (prius
1338 2938 1369 2967 u
1400 2937 1542 2983 supra
1574 2938 1600 2968 v
1637 2923 1721 2983 11¹)
