2034 3126
672 48 986 94 sumnum
1015 49 1066 94 L.
1090 48 1148 105 11,
1171 53 1198 92 4
1712 48 1781 100 57

199 193 254 241 at
291 188 391 241 tibi
429 190 629 258 quanta
666 187 853 240 domus
892 188 1056 239 rutila
1093 186 1359 238 testudine
1397 187 1633 254 fulgenS,

88 280 422 332 conexusque
462 262 607 315 ebori
646 265 918 330 virgarum
956 263 1237 330 argenteus
1278 260 1430 328 ordo,

87 341 441 407 argutumque
479 340 574 389 tuo
615 336 892 389 stridentia
930 337 1119 388 limina
1156 353 1343 403 cornu,

86 416 159 480 et,
199 413 448 482 querulae
486 415 593 464 iam
633 414 844 480 sponte,
883 411 1045 464 fores!
1106 413 1258 463 vacat
1294 411 1388 462 ille
1425 409 1611 462 beatus

85 506 260 540 carcer
298 490 350 540 et
389 489 604 556 augusti
641 503 906 555 nusquam
945 488 1185 538 convicia
1221 487 1370 537 tecti!
1734 498 1788 536 15

195 562 300 614 huc
338 561 521 614 doctae
561 563 826 630 stipentur
865 578 983 612 aves
994 602 1007 628 ,
1048 563 1167 629 quis
1206 559 1388 612 nobile
1426 559 1574 611 fandi

83 640 166 689 ius
206 635 415 688 Natura
451 635 616 688 dedit:
654 636 878 704 plangat
916 634 1212 688 Phoebeius
1253 635 1360 687 ales

85 710 395 780 auditasque
432 728 635 763 memor
672 713 885 779 penitus
927 709 1200 762 demittere
1238 727 1392 762 voces

84 789 300 838 sturnus
341 788 394 838 et
432 783 609 838 Aonio
649 803 828 837 versae
868 786 1150 837 certamine
1188 787 1358 853 picae,

83 864 279 930 quique
318 860 478 913 refert
515 863 743 929 iungens
782 861 974 912 iterata
1011 859 1270 912 vocabula
1305 858 1512 928 perdix,
1735 871 1790 910 20

83 938 136 987 et
174 953 308 1004 quae
346 934 591 987 Bistonio
632 936 871 1003 queritur
911 952 1061 987 soror
1099 934 1230 987 orba
1268 933 1453 986 cubili:

82 1010 215 1062 ferte
255 1010 415 1062 simul
452 1012 683 1079 gemitus
724 1011 1055 1078 cognataque
1094 1008 1269 1062 ducite
1307 1008 1534 1061 flammis

81 1085 269 1137 funera
307 1087 359 1137 et
396 1085 498 1137 hoc
537 1086 756 1137 cunctae
793 1083 1153 1136 miserandum
1192 1083 1445 1136 addiscite
1485 1101 1715 1135 carmen:

195 1158 408 1212 ‘occidit
445 1162 615 1212 aeriae
655 1158 993 1212 celeberrima
1030 1159 1205 1228 gloria
1242 1161 1418 1228 gentis

81 1237 362 1303 psittacu3‚
399 1235 492 1287 ille
530 1235 721 1303 plagae
759 1233 942 1286 viridis
982 1236 1234 1303 regnator
1272 1233 1437 1301 ane3
1734 1245 1788 1285 25

81 1326 238 1378 quem
275 1327 387 1362 non
423 1311 691 1378 gemmata
727 1310 957 1361 volucris
989 1307 1219 1362 Iunonia
1258 1308 1423 1361 cauda

0 1381 2 1385 '
80 1387 314 1436 vinceret
351 1386 589 1453 aspectu,
627 1383 792 1453 gelidi
830 1401 943 1436 non
980 1382 1224 1436 Phasidis
1266 1384 1373 1436 ales
1383 1425 1397 1451 ,

79 1477 176 1511 nec
215 1476 345 1528 quas
385 1461 589 1511 umenti
627 1456 891 1510 Numidae
930 1476 1150 1527 rapuere
1191 1458 1288 1511 sub
1329 1460 1533 1526 austro,

0 1554 6 1607 Ἰ
79 1534 172 1586 ille
212 1534 472 1586 salutator
509 1551 696 1603 regum
734 1550 1034 1602 nomenque
1074 1534 1283 1586 locutus

0 1617 5 1629 '
81 1605 395 1661 Caesareum
434 1610 486 1661 et
525 1609 733 1678 queruli
773 1607 1042 1677 quondam
1080 1611 1192 1661 vice
1230 1609 1446 1660 functus
1487 1611 1664 1676 amici,
1732 1621 1788 1660 30

0 1642 5 1761 ἒ
77 1701 221 1736 nunc
261 1685 484 1736 conviva
521 1684 652 1736 levis
690 1685 1092 1752 monstrataque
1130 1682 1344 1736 reddere
1382 1683 1543 1736 verba

0 1763 9 1877 Ι
78 1761 188 1810 tam
227 1758 422 1811 facilis!
477 1775 583 1828 quo
622 1760 704 1826 tu,
742 1756 935 1811 Melior
975 1757 1184 1826 dilecte,
1223 1759 1430 1811 recluso

0 1884 3 1895 ,
78 1850 371 1902 numquam
410 1833 555 1885 solus
596 1851 724 1886 eras,
765 1835 820 1885 at
856 1851 968 1886 non
1005 1834 1270 1902 inglorius
1310 1833 1513 1886 umbris

77 1910 333 1960 mittitur:
372 1905 597 1977 Assyrio
637 1911 835 1960 cineres
876 1907 1156 1961 adolentur
1195 1926 1386 1961 amono

79 1985 133 2035 et
170 1985 354 2035 tenues
395 1980 634 2035 Arabum
671 1985 938 2052 respirant
974 1986 1215 2052 gramine
1253 1984 1467 2052 plumae
1732 1995 1788 2035 35

79 2055 409 2126 Sicaniisque
449 2060 639 2125 crocis;
680 2060 827 2110 senio
866 2075 963 2110 nec
1001 2058 1172 2110 fessus
1212 2060 1372 2110 inerti

78 2131 294 2185 scandet
332 2131 579 2185 odoratos
619 2131 858 2185 Phoenix
898 2133 1104 2197 felicior
1141 2131 1331 2202 ignes?

196 2301 239 2336 ιι
273 2293 337 2336 At
366 2291 457 2336 tibi
489 2294 689 2349 quanta:
723 2294 800 2337 at.
819 2306 863 2348 q.
883 2293 1175 2338 Brundesius
1205 2296 1331 2338 1885
1356 2307 1406 2351 p.
1426 2296 1540 2339 580:
1573 2308 1665 2349 quo
1698 2292 1788 2337 tibi

81 2353 218 2396 tanta
245 2352 524 2410 Grasberyer
553 2355 678 2397 1877
701 2367 751 2411 p.
779 2356 870 2398 772
959 2361 1006 2396 14
1035 2352 1117 2398 Et:
1147 2353 1242 2398 heu
1265 2353 1586 2399 Phillimorius
1675 2367 1789 2410 que·

76 2410 228 2456 mlta:
253 2411 446 2470 patulae
471 2412 645 2458 Walter
662 2415 789 2458 1885
798 2414 922 2470 1123
937 2415 1068 2469 (recte
1084 2413 1287 2459 Ellisius
1304 2416 1427 2459 1892
1437 2415 1576 2471 p.20)
1667 2412 1785 2457 iam:

78 2470 454 2541 cenGraoPeryer
470 2472 538 2516 1.1.
630 2472 913 2541 setpatulae
930 2473 1022 2542 iam
1042 2475 1193 2517 morte
1209 2472 1334 2519 fores
1347 2475 1401 2519 ci.
1413 2474 1613 2543 Saqnyer
1614 2487 1786 2530 parum

0 2564 5 2647 ἡ
74 2532 415 2648 amaa
429 2533 897 2649 gamm?
899 2534 1728 2638 ”gzssitzzssoeffiwmzmtz

0 2651 6 2678 ¹
76 2658 128 2694 ω
140 2650 346 2709 Quique.
364 2687 373 2696 .
389 2685 400 2696 .
413 2650 602 2709 perdix:
620 2664 835 2709 quaeque
849 2687 861 2697 .
875 2685 886 2697 .
902 2687 911 2696 .
926 2652 1086 2697 cornix
1097 2658 1203 2711 post
1219 2654 1602 2711 Dalecha‘mpium
1622 2653 1786 2698 Corne-

0 2684 10 2747 Ῐ
77 2710 272 2756 limus
287 2714 568 2768 1877111283
635 2712 942 2768 ”quaeritur
1009 2722 1058 2757 28
1076 2714 1271 2758 cunetae
1339 2721 1388 2757 28
1405 2713 1586 2757 umenti
1603 2715 1787 2771 (ηαμα-

0 2754 9 2844 f
76 2783 107 2813 u
130 2770 239 2815 add.
260 2771 346 2827 1¹)
435 2778 488 2815 ιο
518 2773 571 2816 in
601 2770 841 2827 qnondam
871 2774 952 2817 vix
978 2778 1094 2818 recte
1123 2773 1375 2828 offendam·
1405 2773 1727 2819 Phillimorius

75 2837 125 2873 88
164 2827 366 2875 dilectae
456 2838 507 2875 ⁸⁸
538 2832 589 2875 at
618 2845 679 2876 m:
721 2845 777 2877 ac
867 2840 917 2876 86
949 2832 1167 2901 gramina
1198 2858 1254 2866 -—
1289 2831 1594 2889 Sicaniosque
1627 2845 1785 2877 crocos

0 2885 3 2913 ³
80 2889 396 2937 Mar-lelandus
485 2898 533 2936 ⁸⁷
554 2890 777 2937 scandet:
805 2891 991 2937 scandit
1008 2907 1057 2944 5:
1077 2892 1250 2939 candet
1265 2893 1654 2940 ei.Phillimoriu8
1668 2892 1785 2938 male
