2034 3126
241 121 309 170 14
848 117 897 160 P.
924 116 1127 160 PAPINI
1161 116 1333 160 STATI

237 255 522 307 excludunt
560 255 734 306 radios
777 255 923 305 silvis
966 254 1192 306 demissa
1230 257 1451 305 vetustis

235 330 465 398 frigora,-
496 332 764 398 perspicui
794 331 983 379 vivunt
1020 331 1079 379 in
1116 345 1377 379 marmore
1415 328 1604 380 fontes.
1852 342 1934 380 155

235 422 330 455 nec
372 406 543 455 servat
580 406 773 454 natura
809 406 971 455 vices:
1010 402 1098 453 1116
1138 400 1305 454 Sirius
1347 403 1510 470 alget,

235 479 424 529 bruma
461 480 606 546 tepet
644 495 958 545 versumque
999 477 1184 528 domus
1227 476 1329 528 sibi
1367 479 1625 545 temperat
1666 496 1876 529 annum.

238 554 438 603 exultat
478 555 596 604 visu
635 554 893 620 tectisque
932 554 1165 619 potentis
1208 552 1450 603 alumnae

235 645 345 679 non
378 645 523 678 secus
559 628 697 678 alma
726 625 922 693 Venus,
956 644 1116 694 quam
1149 629 1193 678 si
1216 624 1441 693 Paphon
1473 644 1696 694 aequore
1731 626 1793 676 ab
1828 628 1935 678 alto

236 701 533 770 Idaliasque
575 701 757 753 domos
798 699 1134 768 Erycinaque
1172 701 1372 768 templa
1412 700 1625 752 subiret.
1854 713 1936 751 160

236 780 363 827 tunc
401 779 573 844 ipsam
614 777 727 827 solo
767 776 1017 826 reclinem
1057 774 1233 825 adfata
1272 774 1457 826 cubili:

348 849 607 918 ‘quonam
645 850 732 901 hic
769 868 938 918 usque
979 867 1138 917 sopor
1175 852 1431 917 vacuique
1469 849 1728 901 modestia
1767 851 1910 916 lecti,

238 943 267 975 o
307 925 440 976 mihi
479 923 766 976 Laurentes
807 927 947 975 inter
987 924 1178 975 dilecta
1214 924 1458 991 puellas?

238 1002 354 1067 quis
394 1017 603 1051 morum
641 999 867 1067 fideique
905 998 1131 1050 modus?
1192 1016 1551 1066 numquamne
1590 999 1734 1050 virili

238 1076 563 1125 summittere
602 1074 768 1142 iugo‘?
829 1075 1005 1124 veniet
1042 1076 1150 1124 iam
1188 1074 1394 1124 tristior
1433 1075 1589 1125 aetas.
1853 1086 1935 1124 165

238 1166 414 1200 exerce
453 1148 679 1200 formam
719 1151 770 1199 et
809 1147 1137 1216 fugientibus
1179 1149 1325 1198 utere
1365 1146 1532 1199 donis

236 1241 346 1274 non
383 1222 500 1274 ideo
540 1223 639 1274 tibi
680 1224 785 1274 tale
826 1222 980 1274 decus
1020 1223 1306 1290 vultusque
1347 1222 1599 1289 superbos

236 1315 422 1365 meque
462 1297 600 1365 dedi,
640 1297 826 1349 viduos
868 1299 929 1348 ut
967 1298 1328 1348 transmittare
1366 1314 1460 1364 per
1500 1314 1666 1348 annos

238 1390 330 1423 6611
368 1390 480 1424 11011
521 1390 639 1423 cara
675 1372 822 1423 1111111.
888 1374 1014 1423 satis
1056 1389 1086 1423 o
1126 1373 1455 1439 nimiumque
1494 1373 1695 1439 priores

238 1446 536 1514 despexisse
573 1465 779 1515 procos
843 1449 897 1497 at
937 1449 1078 1497 enim
1116 1445 1203 1496 hic
1237 1445 1338 1496 tibi
1371 1448 1629 1513 sanguine
1660 1448 1774 1497 toto
1856 1457 1936 1496 170

238 1520 443 1573 deditus
484 1539 647 1572 unam
687 1539 867 1573 omnes
907 1523 1047 1571 inter
1084 1522 1309 1571 miratur
1349 1522 1592 1588 amatque

236 1614 332 1647 1166
370 1596 570 1648 formae
607 1614 704 1648 nec
745 1598 925 1663 stirpis
969 1613 1142 1663 egens,
1203 1612 1329 1646 nam
1369 1594 1522 1647 docta
1559 1612 1653 1662 per
1691 1594 1875 1646 urbem

239 1673 472 1722 carmina
511 1673 603 1739 qui
640 1673 878 1738 iuveneS‚
919 1687 1052 1738 quae
1090 1687 1202 1721 non
1242 1668 1465 1721 didicere
1503 1669 1747 1738 puellae?

236 1745 378 1797 hunc
419 1747 470 1796 et
507 1745 746 1797 bissenos
782 1775 852 1780 —-
887 1747 961 1796 sic
998 1743 1335 1812 indulgentia
1372 1745 1561 1812 pergat

239 1819 493 1887 praesidis
534 1818 763 1871 Ausonii
796 1850 867 1854 —
901 1837 1076 1870 cernes
1119 1819 1361 1870 attollere
1400 1819 1565 1870 fasces
1855 1830 1937 1869 175

238 1897 359 1946 ante
400 1894 559 1962 diem3
601 1897 736 1946 certe
774 1897 882 1945 iam
919 1912 1062 1945 nunc
1103 1890 1352 1961 Cybeleia
1387 1895 1556 1945 movit

237 1970 424 2020 limina
463 1971 514 2020 et
552 1968 819 2021 Euboicae
860 1986 1069 2020 carmen
1108 1969 1240 2036 legit
1277 1968 1369 2019 ille
1411 1966 1658 2036 Sibyllae.

236 2047 446 2112 iamque
484 2062 673 2112 parens
715 2042 920 2110 Latius,
962 2046 1109 2094 cuius
1150 2060 1491 2110 praenoscere
1530 2044 1760 2093 mentem

236 2119 315 2170 fas
354 2118 509 2185 mihi,
545 2129 843 2187 purpureos
883 2117 1096 2169 habitus
1136 2119 1420 2185 iuvenique
1460 2117 1639 2168 curule

236 2190 537 2261 indulgebit
578 2193 707 2244 ebur
743 2191 1019 2260 Dacasque
1052 2223 1122 2227 —
1157 2193 1207 2243 et
1246 2192 1419 2259 gloria
1456 2194 1626 2243 maior
1658 2222 1727 2226 —-
1854 2203 1936 2242 180

240 2269 452 2319 exuvias
494 2267 778 2335 laurusque
820 2266 966 2318 dabit
1006 2266 1264 2318 celebrare
1304 2268 1552 2319 recentes,

239 2360 363 2410 ergo
407 2360 523 2410 age,
563 2346 726 2410 iunge
765 2345 910 2393 toros
953 2343 1110 2409 atque
1150 2343 1260 2392 otia
1300 2340 1444 2392 deme
1483 2343 1740 2391 iuventae.

356 2541 428 2575 154
461 2532 666 2576 demissa
696 2546 758 2575 m:
800 2532 1005 2574 delussa:
1045 2530 1241 2574 decussa
1273 2545 1300 2579 ς
1331 2531 1467 2586 (quod
1498 2535 1650 2574 tuetur
1680 2530 1939 2587 Herzoyius

241 2596 361 2636 1881
387 2606 437 2650 p.
465 2595 521 2636 17
551 2592 603 2636 cl.
639 2592 764 2648 Very.
788 2591 947 2647 Geory.
965 2591 1027 2634 II
1040 2593 1130 2634 404
1146 2590 1260 2633 Hor.
1280 2590 1405 2646 epod.
1430 2594 1498 2643 11,
1515 2594 1543 2634 6
1574 2590 1682 2634 locis
1713 2590 1770 2633 ab
1799 2589 1938 2633 huius

240 2653 325 2696 loci
339 2652 563 2696 sententia
580 2651 758 2706 alienis)
853 2658 922 2692 157
941 2649 1107 2693 bruma
1124 2664 1184 2693 m:
1213 2648 1364 2692 Ruma
1453 2657 1525 2691 164
1542 2661 1856 2704 numquamne
1872 2663 1935 2692 m:

240 2725 315 2756 -ve
419 2720 491 2753 160
524 2724 632 2754 cara
665 2725 712 2759 5:
747 2709 874 2753 clara
971 2717 1043 2751 176
1076 2706 1317 2764 Cybeleia:
1350 2707 1585 2752 Phoebeia
1626 2708 1938 2752 Volckmarius

172 2767 174 2770 ’
238 2774 360 2814 1853
384 2786 433 2827 p.
460 2773 551 2815 359
641 2769 807 2813 movit:
841 2768 971 2812 novit
1003 2783 1031 2817 ς
1120 2776 1194 2810 180
1225 2768 1460 2823 dacaeque
1494 2770 1541 2811 et
1572 2769 1645 2824 (cf.
1672 2766 1754 2811 Sil.
1789 2767 1936 2811 V217

239 2831 361 2875 Ptin.
395 2830 852 2885 nat.hist.11140):
893 2828 1137 2883 Dacasque
1178 2840 1234 2871 ea
1274 2831 1407 2884 (haec
1451 2828 1552 2872 Otto
1591 2829 1719 2870 1887
1753 2841 1799 2882 p.
1827 2829 1935 2882 367)

241 2890 494 2935 Baehrens:
529 2889 680 2933 Dacas
712 2901 834 2944 quae
869 2887 1115 2932 Gevartius
1233 2896 1302 2931 181
1333 2886 1586 2943 laurusque
1614 2885 1829 2931 Klotzius
1860 2888 1934 2942 (cf.

239 2949 301 2993 ad
338 2949 474 2993 Theb.
501 2949 592 2993 III
613 2950 739 3005 105):
773 2947 1021 3002 laurosque
