2034 3126
693 87 1008 133 SILVARUM
1038 87 1086 132 L.
1113 86 1191 142 IV,
1216 91 1256 131 7.
1283 91 1309 131 8
1747 87 1854 141 125

370 227 528 280 duret
563 229 624 279 in
660 226 888 295 longum
922 242 1212 294 generosus
1251 224 1452 291 insane,

370 318 571 372 perque
607 317 720 352 non
755 300 942 351 multis
980 301 1083 351 iter
1121 298 1425 368 expeditum

372 377 574 429 crescat
610 377 670 427 in
706 391 879 426 mores
919 376 1123 442 patrios
1163 391 1425 442 avumque

641 450 894 518 provocet
933 450 1087 500 actis!

370 602 433 651 tu
471 601 594 651 tuos
633 614 799 667 parvo
837 595 1154 649 memorabis
1195 614 1367 664 enses,
1795 609 1854 649 45

373 691 507 743 quos
546 672 614 724 ad
650 670 827 724 Eoum
863 672 1062 723 tuleras
1103 669 1361 724 Orontem

370 751 531 818 signa
566 747 804 799 frenatae
841 745 1144 798 moderatus
1185 747 1297 798 alae

642 819 862 874 Castore
901 819 1109 888 dextr03

370 971 466 1023 ille
504 972 567 1022 ut
602 971 792 1022 invicti
829 968 1076 1038 rapidum
1116 972 1326 1021 secutus

370 1043 612 1098 Caesaris
651 1044 857 1096 fulmen
894 1043 1096 1113 refugis
1137 1061 1371 1095 amaram
1795 1057 1854 1097 5ο

368 1118 629 1173 Sarmatis
668 1119 842 1187 legem
881 1117 1103 1185 dederit,
1144 1118 1242 1170 sub
1283 1136 1391 1170 uno

639 1196 814 1245 vivere
853 1193 1014 1245 caelo.

366 1342 463 1396 sed
499 1345 619 1395 tuas
660 1344 798 1395 artes
837 1359 972 1411 puer
1009 1344 1131 1394 ante
1170 1341 1359 1409 discat,

366 1435 527 1471 omne
565 1419 685 1486 quis
723 1415 911 1468 mundi
950 1419 1158 1469 senium
1195 1433 1466 1469 remensus

367 1509 494 1545 orsa
531 1490 755 1545 Sallusti
791 1491 966 1544 brevis
1006 1493 1059 1543 et
1096 1490 1305 1543 Timavi
1792 1504 1851 1545 55

636 1565 811 1618 reddis
851 1567 1142 1618 alumnum.

921 1773 1067 1827 vm.

379 1889 774 1935 GRATULATIO
805 1889 889 1934 AD
922 1888 1140 1934 IULIUM
1172 1889 1607 1936 MENECRATEN.

253 1997 435 2051 Pande
472 1998 612 2052 fores
653 2016 906 2068 superum
942 1999 1238 2067 vittataque
1277 1999 1478 2067 templa
1517 1997 1732 2053 Sabaeis

141 2072 375 2126 nubibus
416 2080 470 2125 et
507 2072 770 2143 pecudum
806 2072 956 2125 fibris
996 2072 1323 2142 spirantibus
1362 2074 1548 2142 imple,

142 2146 503 2218 Parthenope;
542 2148 672 2200 clari
709 2165 878 2217 genus
919 2164 1036 2199 ecce
1074 2145 1389 2200 Menecratis
1430 2151 1592 2218 auget

139 2224 302 2275 teriia
336 2225 445 2275 iam
485 2221 710 2275 soboles.
770 2239 1050 2291 procerum
1087 2221 1190 2274 tibi
1226 2220 1407 2275 nobile
1446 2224 1640 2293 vulgus

143 2300 332 2350 crescit
369 2300 423 2350 et
459 2299 637 2350 insani
676 2297 881 2349 solatur
920 2296 1112 2350 damna
1149 2295 1386 2349 Vesaevi.
1817 2312 1845 2352 5

139 2389 239 2424 nec
277 2372 451 2425 solum
490 2371 652 2424 festas
692 2374 891 2424 secreta
928 2369 1184 2440 Neapolis
1226 2388 1341 2423 aras

260 2555 312 2591 40
341 2545 490 2591 Eoum
522 2562 570 2596 5:
602 2559 709 2592 eum
845 2544 1042 2591 tuleras:
1075 2545 1239 2591 tuleris
1271 2547 1504 2593 Ananim
1639 2545 1847 2593 Oronten

141 2606 445 2653 Housmam
474 2606 548 2663 (cf.
575 2606 640 2652 ad
660 2606 697 2652 Ι
714 2610 756 2662 1,
778 2608 825 2662 4)

261 2680 380 2725 VIII.
398 2694 679 2725 oumnro
697 2680 821 2739 (niel)
838 2705 848 2714 ·
865 2695 926 2725 An
946 2705 955 2714 ·
973 2695 1130 2724 rvuvu
1147 2705 1158 2715 ·
1175 2695 1467 2725 umens-rm
1486 2706 1494 2713 ·
1589 2688 1607 2724 1
1634 2679 1845 2726 Pandere

137 2742 209 2798 (re
239 2740 326 2785 del.
349 2741 493 2796 rubr.)
526 2752 704 2785 sorores
735 2739 839 2797 (del.
861 2739 931 2783 1¹
960 2745 1002 2785 et
1031 2740 1174 2795 mbr.)
1205 2739 1329 2785 fores
1424 2748 1449 2784 8
1480 2739 1761 2785 Menecratis
1794 2755 1844 2791 5:

140 2802 431 2845 menecrates
545 2807 570 2843 ο
601 2802 803 2845 secreta:
835 2801 1046 2845 recreata
1080 2799 1182 2846 Otto
1214 2802 1337 2845 1887
1360 2814 1410 2858 p.
1438 2802 1548 2845 542:
1582 2811 1747 2845 secura
1777 2800 1846 2847 vel

136 2862 303 2905 exerta
326 2860 479 2919 Unqu-
493 2862 617 2905 1668
629 2861 778 2917 p.274
793 2864 835 2905 a
847 2862 965 2906 276:
983 2859 1141 2904 erecta
1154 2859 1410 2905 Baehrens:
1429 2860 1613 2904 servata
1621 2858 1843 2920 Saonqerz

26 2902 31 2939 '·
137 2921 324 2965 erma
355 2919 672 2966 Romae-sim
703 2921 826 2965 1900
848 2933 898 2977 p.
926 2923 1014 2964 515
