2034 3126
303 73 405 125 148
908 72 955 116 P.
981 71 1186 116 PAPINI
1219 71 1394 115 STATI

292 214 404 261 iam
442 210 607 278 fugit,
646 209 772 260 hinc
809 212 947 261 votis
989 212 1225 260 animum
1262 209 1610 277 precibusque
1641 211 1849 262 iuvabo.

296 287 343 335 ei
382 284 536 335 mihi!
601 283 691 336 sed
731 286 909 335 coetus
953 284 1137 335 solitos
1181 286 1225 334 si
1265 284 1401 334 forte
1442 284 1587 335 ciebo
1909 298 1993 337 160

296 361 348 410 et
384 362 502 409 mea
539 357 786 410 Romulei
825 360 1038 409 vem‘ent
1077 357 1143 408 ad
1183 361 1414 409 carmina
1451 361 1649 426 patres,

294 435 355 484 tu
396 433 583 499 deeris,
625 430 888 499 Crispine,
927 432 1081 498 mihi,
1123 449 1421 500 cuneosque
1459 451 1552 500 per
1592 450 1772 484 omnes

295 510 347 558 te
385 525 532 559 meus
575 506 846 558 absentem
886 506 1344 574 circumspectabit
1382 504 1633 558 Achilles

295 581 385 633 sed
423 584 599 632 venies
638 582 827 632 melior
867 610 937 616 -
976 582 1159 646 vatum
1196 598 1307 632 non
1345 583 1498 631 irrita
1536 583 1755 632 currunt

286 659 475 707 >omina
499 685 585 722 —,
612 658 810 723 quique
835 656 1038 723 aquilas
1064 654 1164 705 tibi
1187 672 1330 706 nunc
1355 658 1406 706 et
1430 657 1601 706 castra
1623 655 1860 722 recludit,
1911 668 1993 707 165

287 730 433 781 'idem
473 748 652 781 omnes
693 729 925 797 perferre
964 729 1158 797 gradus
1201 732 1448 797 cingique
1489 729 1727 797 superbis

293 804 524 856 fascibus
566 806 617 855 et
655 806 854 872 patrias
896 803 1042 854 dabit
1079 803 1335 855 insedisse
1375 805 1596 855 curuleS.

409 878 498 929 sed
537 881 655 946 quis
697 877 761 929 ab
803 879 1019 929 excelsis
1060 876 1319 929 Troianae
1359 878 1583 930 collibus
1625 876 1815 946 Albae,

294 952 433 1003 unde
474 971 597 1004 suae
635 955 786 1004 iuxta
822 954 1127 1020 prospectat
1164 955 1374 1004 moenia
1411 951 1611 1004 Romae

293 1030 567 1095 proximus
606 1028 699 1079 ille
740 1027 888 1094 (10113,
928 1025 1091 1078 Fama
1128 1028 1360 1078 velocior
1397 1029 1563 1078 intrat
1911 1040 1992 1079 170

293 1105 515 1152 nuntius
557 1103 714 1169 atque
753 1104 874 1153 tuos
914 1102 1123 1169 implet,
1165 1098 1430 1168 Crispine,
1468 1102 1722 1169 penates?

296 1175 554 1227 dicebam:
596 1179 732 1227 certe
771 1178 954 1227 vatum
990 1193 1101 1227 non
1139 1177 1292 1226 irrita
1331 1178 1550 1226 currunt

295 1254 531 1318 auguria.
595 1253 681 1302 en!
743 1253 932 1318 ingens
973 1252 1170 1301 reserat
1208 1249 1308 1301 tibi
1347 1250 1510 1301 limen
1547 1250 1812 1302 honorum

296 1323 486 1376 Caesar
525 1327 577 1376 et
616 1323 845 1376 Ausonii
886 1327 1170 1376 committit
1208 1327 1391 1375 munia
1429 1324 1568 1376 ferri.

293 1399 444 1466 vade,
483 1417 635 1467 puer,
675 1402 945 1467 tantisque
985 1402 1168 1450 enixus
1211 1398 1391 1450 suffice
1432 1398 1605 1466 doniS‚
1909 1411 1991 1451 175

293 1474 443 1541 felix,
485 1476 576 1541 qui
614 1491 810 1542 magno
850 1476 956 1524 iam
993 1491 1137 1524 nunc
1177 1472 1274 1525 sub
1313 1471 1551 1541 praeside
1588 1476 1731 1525 iuras

295 1551 483 1616 cuique
524 1566 667 1599 sacer
704 1551 937 1616 primum
976 1546 1138 1598 tradit
1178 1546 1518 1599 Germanicus
1560 1549 1757 1599 ensem!

292 1640 403 1674 non
441 1625 617 1674 minus
657 1622 779 1689 hoc,
819 1623 972 1674 fortis
1015 1639 1174 1690 quam
1215 1625 1259 1673 si
1298 1622 1397 1673 tibi
1435 1621 1688 1690 panderet
1726 1625 1839 1690 ipse

294 1696 624 1764 Bellipotens
666 1698 869 1765 aquilas
910 1699 1164 1764 torvaque
1203 1696 1473 1748 induceret
1513 1714 1605 1748 ora

296 1770 508 1823 casside.
570 1771 700 1822 vade
740 1772 910 1823 alacer
947 1774 1251 1838 maioraque
1292 1770 1430 1822 disce
1469 1773 1676 1822 mereri!
1909 1782 1992 1823 180

1094 1933 1187 1986 ΠΙ.

682 2034 1007 2079 EPICEDION
1037 2035 1103 2078 IN
1134 2034 1386 2078 PATREM
1419 2034 1599 2079 SUUM.

405 2127 525 2196 lpse
563 2130 728 2180 malas
769 2131 904 2180 vires
946 2131 997 2179 et
1035 2128 1373 2180 lamentabile
1412 2146 1620 2180 carmen

293 2201 480 2270 Elysio
522 2202 583 2253 de
623 2203 769 2254 fonte
808 2203 941 2254 mihi
979 2204 1299 2271 pulsumque
1339 2205 1583 2254 sinistrae

295 2277 375 2345 da,
414 2279 626 2345 genitor
662 2277 954 2345 praedocte,
993 2278 1151 2345 lyrae.
1212 2295 1383 2345 neque
1423 2280 1564 2328 enim
1602 2279 1754 2328 antra
1791 2278 2018 2327 moveri

293 2350 448 2402 Delia
485 2369 581 2402 nec
621 2353 833 2403 solitam
871 2353 949 2403 fas
992 2355 1070 2403 est
1107 2353 1378 2419 impellere
1418 2349 1659 2403 Cirrham

413 2490 486 2524 100
517 2482 594 2524 hei
628 2497 670 2524 c:
703 2482 782 2525 Et:
816 2482 908 2525 heu
941 2497 963 2524 0
1077 2482 1178 2526 sed:
1212 2482 1337 2537 quod
1368 2481 1566 2539 Saenyer
1679 2481 1837 2524 coetus
1875 2480 1986 2525 Gro-

293 2542 477 2586 novius:
503 2542 695 2596 questus
786 2550 857 2584 166
880 2540 1084 2597 perferre
1111 2543 1182 2597 (cf.
1203 2542 1326 2586 Plin.
1345 2547 1441 2585 nat.
1458 2542 1559 2585 hist.
1580 2541 1758 2597 V125):
1782 2539 1987 2596 proferre

295 2601 472 2645 Polster
490 2604 611 2644 1890
621 2615 669 2656 p.
680 2604 761 2645 18:
780 2614 1030 2657 properare
1047 2601 1263 2659 Saenyer:
1285 2613 1502 2657 superare
1519 2600 1754 2645 Baehrens
1841 2599 1988 2656 cingi-

294 2674 385 2715 que
404 2661 688 2704 Politicmus:
708 2660 952 2717 cingitque
1027 2669 1098 2703 108
1116 2661 1199 2704 sed.
1217 2675 1264 2709 ςι
1284 2659 1352 2704 Si:
1373 2662 1435 2705 st!
1456 2660 1695 2704 Krohm‘us
1763 2667 1834 2700 170
1852 2659 1986 2701 deus:

296 2719 395 2762 deis
428 2734 455 2768 ς
544 2727 616 2762 172
647 2722 782 2778 vulgo
807 2726 912 2776 post
943 2722 1065 2764 certe
1090 2721 1384 2778 distinyuunt
1471 2727 1543 2762 175
1568 2719 1687 2762 vade
1713 2733 1759 2767 ςε
1794 2718 1928 2761 Unde

294 2787 366 2821 178
382 2778 517 2822 fortis
534 2779 682 2834 (acc.):
702 2779 839 2823 sortis
857 2780 1081 2824 Heinsius
1118 2832 1122 2835 ι
1171 2787 1244 2823 180
1261 2778 1442 2823 casside
1460 2793 1506 2828 ςε
1526 2777 1753 2823 Ο3331ᾶ3ᾱ
1839 2777 1989 2820 alater

412 2838 488 2881 111.
523 2847 546 2880 3
577 2839 850 2895 praedocto:
882 2839 1103 2895 perdocte
1137 2854 1184 2888 ς;
1216 2838 1457 2895 praeclare
1487 2838 1820 2883 Marklandus:
1853 2849 1988 2892 prae-

295 2899 427 2953 repte
458 2897 764 2943 Schwartzius
795 2901 920 2942 1889
945 2913 994 2955 p.
1021 2902 1078 2942 13
1169 2897 1363 2942 moverit
1395 2911 1577 2942 movere
1610 2911 1637 2945 ς
