2034 3126
689 50 1002 96 SHNARUM
1035 51 1085 96 L.
1110 51 1145 107 Ι,
1170 56 1197 96 6
1722 51 1794 105 33

241 189 494 260 quicquid
530 189 712 242 nobile
750 188 988 242 Ponticis
1026 191 1255 257 nucetis,
1319 207 1322 210 ’

240 264 479 317 fecundis
518 263 660 316 cadit
697 266 791 316 aut
826 267 969 333 iugis
1009 263 1241 332 Idymes3

241 338 384 409 quod
420 341 581 391 ramis
619 341 711 407 pia
747 341 1014 407 germinat
1050 337 1362 406 Damascos,

240 417 293 467 et
330 413 475 483 quod
511 415 790 482 percoquit
826 412 1088 480 †aebosia
1126 410 1361 481 Caunos,
1739 427 1793 466 15

238 490 403 558 largis
442 490 740 558 gratuitum
778 487 919 540 cadit
956 491 1182 556 rapinis;

236 563 425 616 molles
463 563 631 632 gaioli
669 563 1063 631 lucuntulique,

238 641 291 690 et
327 640 516 690 massis
556 634 812 689 Amerina
848 654 961 690 non
997 639 1228 706 perustis

238 715 291 765 et
327 714 627 764 mustaceus
668 714 721 763 et
758 712 957 764 latente
995 712 1176 780 palma

236 789 550 857 praegnates
590 786 886 855 caryotides
927 786 1197 839 cadebant.
1733 801 1791 841 20

235 879 346 915 non
382 864 547 914 tantis
587 859 736 930 Hyas
775 864 1021 913 inserena
1055 861 1254 914 nimbis

234 939 400 989 terras
441 935 622 989 obruit
659 938 753 988 aut
792 936 970 988 soluta
1006 934 1174 1003 Plias,

235 1011 408 1080 qualis
446 1028 543 1080 per
581 1028 775 1064 cuneos
814 1010 983 1063 hiems
1025 1009 1245 1064 Latinos

234 1085 443 1155 plebem
480 1085 739 1155 grandine
778 1084 1022 1138 contudit
1062 1103 1258 1139 serena.

234 1159 392 1213 ducat
427 1159 616 1213 nubila
652 1159 894 1230 Iuppiter
931 1178 1027 1229 per
1066 1160 1248 1213 orbem
1733 1174 1788 1215 25

234 1238 287 1287 et
324 1236 447 1287 latis
486 1235 696 1305 pluvias
735 1238 969 1287 minetur
1007 1238 1172 1304 agris,

233 1309 360 1362 dum
396 1313 569 1363 nostri
606 1309 750 1363 Iovis
789 1310 847 1362 hi
885 1310 1125 1362 ferantur
1161 1309 1373 1363 imbreS.

345 1402 462 1437 ecce
499 1387 678 1437 autem
716 1402 898 1437 caveas
924 1385 1085 1437 vsubit
1122 1403 1217 1454 per
1257 1388 1429 1438 omnis

230 1462 461 1529 insignis
502 1463 695 1529 specie,
735 1458 924 1512 decora
962 1461 1110 1512 cultu

230 1534 411 1603 plebes
450 1535 618 1587 altera
652 1551 765 1587 non
802 1537 980 1587 minor
1018 1534 1244 1587 sedente.
1731 1549 1787 1589 30

230 1609 288 1661 hi
325 1612 547 1679 panaria
583 1608 937 1678 candidasque
966 1627 1188 1679 mappas

231 1683 544 1738 subvectant
581 1685 870 1754 epulasque
908 1685 1185 1753 lautiores3

229 1759 312 1811 illi
349 1758 583 1812 marcida
617 1762 743 1812 vina
779 1760 1109 1829 largiuntur:

230 1832 414 1887 Idaeos
452 1833 675 1887 totidem
714 1836 868 1903 putes
907 1837 1197 1887 ministros.

230 1907 433 1977 orbem,
473 1925 580 1979 qua
614 1909 805 1962 melior
843 1912 1178 1979 severiorque
1218 1911 1318 1977 est,
1728 1924 1783 1963 35

197 2106 244 2143 u
276 2097 504 2157 Quitquid
594 2106 643 2143 ιι
673 2098 856 2157 idymes
885 2100 1248 2157 (cfl1112,133.
1273 2101 1540 2155 1113,140.
1577 2101 1784 2146 V2.139

3 2142 6 2195 ἒ
75 2158 159 2206 sa.
185 2159 277 2205 111
296 2163 388 2205 σου
428 2159 527 2204 ναι.
555 2158 719 2205 macc.
742 2159 778 2204 1
796 2163 856 2205 12
888 2159 972 2205 ubi
1007 2164 1122 2206 reete
1160 2159 1353 2216 idymen
1391 2164 1429 2203 v
1459 2161 1671 2207 exhibet:
1710 2160 1784 2205 hi-

76 2217 240 2264 dmnes
271 2234 315 2263 ιι
405 2227 451 2263 15
475 2217 602 2276 quod
625 2234 675 2269 ςε
706 2233 800 2277 quo
891 2218 1084 2264 aebosia
1107 2233 1302 2265 caunos:
1337 2220 1556 2265 aestuosa
1579 2223 1621 2278 (e
1655 2219 1783 2266 riosa

83 2277 259 2325 Παπαῖ
290 2282 414 2324 1885
436 2293 486 2337 p.
513 2280 589 2335 12)
621 2277 804 2325 Caunos
835 2279 1058 2335 Inchofius
1088 2282 1211 2326 1867
1238 2294 1285 2336 p.
1305 2288 1356 2324 li:
1388 2278 1574 2325 Ebosea
1599 2278 1782 2325 Caunos

74 2350 178 2383 cnm
208 2338 296 2383 alii
325 2344 423 2384 tum
462 2338 678 2385 Vollmaez
709 2338 850 2385 arbor
877 2338 998 2383 Inda
1028 2352 1202 2384 cannas
1227 2340 1428 2385 Ellisius
1458 2342 1581 2384 1874
1599 2354 1648 2397 p.
1667 2342 1780 2386 262:

74 2409 162 2443 axe
191 2398 318 2443 tosta
341 2396 387 2443 C.
407 2398 631 2458 Saenqer:
661 2398 847 2444 arcibus
879 2399 964 2456 (vel
986 2398 1125 2454 areis)
1148 2399 1412 2455 Zacynthos
1438 2400 1778 2446 Phillimorius:

74 2454 258 2503 Ebosea
291 2457 455 2503 cannis
485 2458 586 2515 (hoe
614 2459 753 2504 etiam
787 2459 1047 2516 Germ-tius)
1079 2460 1299 2518 Lafayus
1331 2462 1454 2505 1896
1480 2473 1525 2516 p.
1553 2462 1613 2504 65
1645 2460 1780 2516 (idem

4 2540 6 2545 ·
75 2517 368 2574 praecoquit)
458 2525 507 2562 ιο
537 2516 669 2563 cadit
698 2532 747 2568 ςε
781 2518 920 2564 cadet
1009 2527 1055 2563 17
1087 2518 1255 2577 gaioli:
1289 2518 1462 2564 caseoli
1492 2534 1519 2569 ς
1609 2517 1779 2577 lugun-

4 2620 6 2628 λ
72 2574 256 2635 tulique
345 2585 394 2622 18
417 2577 606 2622 massis:
631 2577 784 2636 passis
808 2579 872 2624 D.
884 2577 1110 2625 flemme
1199 2579 1404 2637 perustis
1429 2594 1476 2629 ςε
1502 2579 1719 2636 perustus

35 2663 37 2668 ,
72 2642 122 2680 ιο
142 2649 414 2683 macaceus
504 2646 555 2681 ὀ
578 2636 854 2696 Pregnates:
879 2640 1195 2697 praegnantes
1219 2639 1354 2698 vulqo
1446 2637 1710 2695 caryotides
1728 2653 1778 2688 ςε

70 2698 313 2757 cnia¹¹des
462 2720 513 2755 28
551 2709 729 2769 qualis:
769 2711 901 2770 quali
945 2713 1262 2759 Marklandus
1412 2720 1460 2756 2⁴
1502 2712 1718 2758 contudit
1749 2727 1777 2763 ς

72 2768 335 2817 Krohm’us:
371 2770 614 2817 concudit:
647 2772 858 2817 concutit
888 2786 916 2822 ς
1030 2785 1195 2818 serena
1227 2772 1474 2818 Heinsius:
1507 2784 1718 2818 serenam

70 2836 123 2874 a·
157 2827 291 2877 latis:
331 2829 469 2875 laetis
504 2831 750 2877 Moreuim
868 2830 1062 2877 Pluvius
1099 2834 1154 2878 ei.
1183 2831 1502 2878 Rtillimorius
1621 2840 1669 2876 8⁷
1702 2831 1775 2877 hi:

70 2886 148 2933 hic
188 2890 559 2937 Wachemuthius
587 2894 711 2937 1888
732 2905 783 2949 p.
807 2894 868 2938 24
960 2900 1009 2936 20
1041 2891 1198 2949 specie
1232 2906 1279 2941 ςι
1314 2891 1492 2949 species

159 2972 281 3007 &nn
305 2973 468 3008 sunan.
508 2973 644 3007 Ean.
1412 2961 1416 2967 ’
1478 2969 1505 3011 8
