2034 3126
744 73 1092 119 PRAEFATIO
1705 75 1768 118 IX

69 219 337 279 antequam
384 216 512 264 liber
549 215 839 265 membrana
877 214 1167 277 vestiretur,
1214 213 1434 263 initiales
1473 214 1525 262 in
1564 215 1772 263 Manilio

72 291 298 355 singulae
322 290 473 339 rubra
495 290 630 338 linea
653 289 715 338 ad
740 288 1149 352 perpendiculum
1170 289 1320 337 ducta
1336 291 1542 337 ornatae
1561 290 1696 349 sunt3
1721 289 1775 337 in

74 365 239 414 Statio
270 365 433 414 lineae
462 364 582 414 illae
611 364 902 426 plerumque
932 364 987 411 in
1016 379 1170 411 unam
1197 363 1423 411 coaluere
1446 364 1637 412 minore
1661 363 1773 411 dili-

69 440 240 504 gentia
263 454 635 501 nonnumquam
653 438 872 498 ductam,
896 437 968 486 ita
985 439 1043 486 ut
1057 437 1138 486 hic
1154 438 1233 486 vel
1249 437 1355 485 illic
1371 438 1472 486 fere
1489 439 1776 501 tegerentur

66 515 138 562 eis
179 513 393 562 litterae.
457 528 611 576 supra
648 514 835 576 primos
866 511 1065 560 Manilii
1102 527 1274 560 versus
1314 527 1490 560 manus
1528 512 1774 561 recentior

72 614 135 622 —
170 589 306 636 certe
337 590 453 650 post
484 588 724 636 amissum
754 587 972 649 primum
1002 586 1182 635 folium
1211 612 1283 621 --
1316 586 1516 649 scripsit
1545 582 1774 635 ‘Manilii

65 660 439 711 Aaronomicon
480 665 523 710 et
551 661 699 710 Statii
730 661 934 722 Papinii
964 659 1143 723 Sylvae
1174 664 1217 710 et
1245 659 1491 709 Asconius
1520 661 1773 710 Pedianus

62 738 118 784 in
135 730 419 785 Ciceronem
433 732 612 785 Flacci
626 730 902 784 nonnulla?
934 734 1086 784 verba
1105 731 1369 784 ‘Asconius
1387 762 1455 769 —-
1477 731 1770 784 Ciceronem'

64 810 199 859 linea
228 827 319 873 per
340 810 530 859 medias
555 811 751 859 litteras
775 810 927 858 ducta
950 809 1130 870 deleta,
1161 811 1286 858 item
1308 809 1444 858 linea
1466 810 1599 858 infra
1623 810 1774 858 ducta

63 885 325 948 sequentia
363 887 610 948 expuncta
649 887 782 934 sunt.
845 900 903 933 ex
942 899 1043 947 qua
1081 883 1403 946 inscriptione
1442 884 1634 933 codices
1666 884 1772 932 Ma-

62 960 295 1008 tritenses
325 954 374 1008 Μ
409 960 475 1007 31
513 961 564 1008 et
593 953 644 1008 X
677 959 743 1007 81
778 985 853 993 -
883 959 977 1007 1100
1010 960 1141 1007 0111111
1176 958 1494 1007 continentur
1524 959 1771 1008 Asconius

63 1037 114 1082 et
143 1033 314 1082 Valeri
345 1033 513 1082 Flacci
542 1033 570 1082 I
597 1033 779 1082 l—IV
804 1035 910 1082 317
946 1060 1016 1066 —
1049 1034 1170 1081 olim
1208 1049 1367 1081 unum
1402 1033 1585 1082 librum
1618 1034 1772 1083 fuisse

63 1123 176 1156 cum
218 1108 307 1156 alii
321 1101 362 1174 ¹)
401 1108 750 1157 concluserunt
787 1110 897 1156 tum
931 1106 1160 1156 Olarkius
1200 1107 1290 1156 1.1.
1315 1125 1362 1170 p.
1393 1109 1513 1157 128.
1553 1108 1605 1155 id
1638 1108 1771 1170 quod

60 1197 162 1232 non
201 1198 292 1245 pro
333 1185 470 1232 certo
509 1183 888 1231 venditaverim.
955 1186 1086 1231 certe
1126 1183 1259 1231 inter
1297 1198 1379 1231 eos
1419 1182 1611 1231 codices
1651 1183 1772 1231 olim

60 1256 355 1307 relationem
410 1256 663 1321 quandam
716 1257 870 1306 fuisse
922 1257 1047 1305 mihi
1095 1273 1292 1320 quoque
1338 1273 1633 1319 persuasum
1680 1260 1768 1306 est.

60 1347 178 1380 nam
218 1336 428 1395 uterque
468 1331 620 1381 codex
659 1333 857 1381 comitis
898 1331 1157 1380 cuiusdam
1198 1331 1258 1379 de
1288 1331 1522 1380 Miranda
1553 1333 1651 1380 fuit
1680 1347 1771 1380 nec

61 1422 160 1456 non
192 1406 451 1455 simillimo
482 1407 740 1455 involucro
772 1407 984 1471 tegitur3
1017 1406 1145 1454 alter
1170 1399 1267 1472 (X)
1301 1407 1471 1455 autem
1501 1423 1709 1456 numero
1739 1409 1766 1455 1

59 1480 112 1530 in
166 1482 408 1530 exteriore
460 1484 606 1543 parte
660 1483 737 1530 est
788 1482 1085 1545 insignitus,
1139 1481 1268 1528 alter
1314 1474 1411 1548 (Μ)
1466 1497 1671 1530 1111111010
1721 1483 1768 1529 2.

59 1556 229 1604 tamen
268 1572 367 1604 non
406 1555 522 1603 inde
561 1556 809 1618 sequitur,
847 1557 905 1603 ut
945 1555 1007 1603 ab
1038 1556 1187 1604 initio
1218 1571 1318 1604 uno
1351 1556 1604 1604 volumine
1637 1571 1767 1605 com-

60 1629 291 1692 prehensi
323 1631 510 1678 fuerint
539 1631 619 1679 illi
650 1630 747 1679 duo
779 1630 909 1678 libri.
972 1629 1059 1678 sed
1089 1631 1213 1678 haec
1243 1631 1530 1692 mittamuS,
1571 1646 1685 1678 cum
1714 1632 1770 1679 in

58 1719 294 1768 praesens
326 1705 400 1753 nil
431 1705 558 1753 lucri
589 1705 704 1754 inde
735 1705 879 1754 nobis
910 1704 1169 1753 redundet.

134 1778 353 1828 codicem
383 1773 435 1829 H
468 1781 533 1828 31
571 1795 670 1828 non
704 1779 765 1828 ab
796 1779 996 1829 homine
1028 1779 1174 1828 docto
1207 1779 1450 1842 scriptum
1481 1795 1587 1828 esse
1619 1780 1767 1828 facile

61 1856 284 1916 apparet.
347 1856 499 1916 atque
539 1870 664 1917 quos
703 1854 951 1903 commisit
982 1869 1172 1903 errores
1203 1854 1464 1916 librarius,
1505 1853 1551 1902 ei
1581 1855 1769 1917 partim

59 1926 361 1977 difficultate
401 1929 719 1992 exemplaris,
760 1928 889 1977 unde
930 1928 1096 1978 Silvas
1136 1929 1223 1977 ille
1263 1928 1648 1991 transcribebat,
1689 1945 1767 1977 ex-

58 2001 336 2065 plicantur,
372 2004 559 2065 partim
598 2003 918 2069 neglegentia
956 2003 1231 2053 scribentis.
1294 2004 1388 2051 hoc
1426 2005 1640 2053 maxime
1676 2003 1768 2052 sub

58 2075 206 2125 finem
254 2077 416 2140 operis
464 2078 709 2139 invenieS,
755 2078 884 2127 illud
929 2079 1104 2141 primis
1152 2077 1470 2141 potissimum
1515 2077 1768 2127 Silvarum

56 2151 270 2215 paginis.
332 2152 545 2201 maxime
579 2169 719 2214 vero,
758 2155 816 2202 ut
846 2154 1000 2202 ferme
1031 2152 1111 2214 fit,
1150 2153 1202 2201 in
1234 2153 1518 2201 nominibus
1551 2153 1766 2216 propriis

58 2227 285 2288 peccavit
338 2225 585 2276 librarius.
662 2227 778 2276 inde
826 2243 857 2277 a
901 2227 1052 2276 tertio
1102 2227 1205 2275 fere
1250 2227 1379 2276 libro
1428 2244 1541 2276 eum
1589 2228 1767 2276 melius

0 2361 4 2370 .
58 2300 321 2365 agnovisse
369 2301 630 2365 archetypi
675 2302 872 2351 litteras
920 2318 977 2350 eo
1025 2303 1350 2365 perspicitur,
1405 2302 1540 2365 quod
1586 2302 1767 2351 menda

56 2378 338 2436 rarescunt3
376 2375 569 2425 ultimis
609 2392 724 2426 vero
763 2377 961 2440 paginis
1001 2392 1114 2425 cum
1154 2379 1326 2440 aperte
1365 2376 1429 2425 ad
1468 2376 1617 2425 finem
1652 2393 1764 2439 pro-

55 2451 324 2512 peraverit,
355 2454 570 2515 augetur
598 2467 830 2501 numerus
863 2451 1271 2514 corruptelarum.
1328 2451 1413 2499 sed
1438 2467 1566 2514 quae
1591 2452 1764 2514 primis

57 2524 256 2588 paginis
287 2526 558 2587 commisit,
598 2541 657 2575 ea
688 2541 866 2589 parum
898 2526 1198 2575 familiarem
1232 2527 1278 2573 ei
1309 2525 1463 2575 fuisse
1497 2526 1766 2575 ostendunt

57 2612 202 2647 usum
233 2598 435 2663 linguae
467 2598 700 2650 Latinae:
732 2600 884 2650 verba
916 2600 1042 2650 falso
1075 2600 1346 2662 contraxit,
1379 2601 1504 2649 falso
1539 2602 1764 2663 secrevit,

56 2670 254 2722 litteras
293 2673 480 2723 similes
521 2674 652 2723 inter
682 2691 734 2724 se
766 2675 1117 2736 commutavit;
1156 2675 1314 2723 veluti
1346 2677 1633 2723 constanter
1663 2676 1763 2724 fere

57 2745 108 2795 in
156 2747 319 2810 prima
358 2748 671 2811 praefatione
710 2765 735 2799 s
774 2751 976 2813 scripsit
1013 2765 1104 2812 pro
1143 2765 1182 2797 r.
1253 2750 1388 2798 haud
1429 2752 1599 2812 paucis
1640 2750 1764 2799 locis

134 2905 178 2960 1)
209 2904 267 2949 cf.
295 2904 348 2949 R.
374 2904 494 2949 Ellis
529 2906 840 2952 Hermathena
871 2905 978 2951 XIX
1009 2909 1160 2963 (1898)
1190 2920 1236 2964 p.
1263 2910 1349 2951 268
1382 2906 1489 2951 adu.
