2034 3126
277 76 382 129 106
882 76 932 120 1³2
959 76 1165 120 PAPINI
1197 76 1371 123 STATI

268 216 555 264 annuerint
592 213 746 265 fines!
808 216 923 264 rata
960 217 1182 265 numina
1219 217 1423 266 miseris
1466 218 1619 266 astris
1630 256 1643 282 ‚

269 289 573 356 templaque
598 287 686 339 des
711 287 1022 355 habitesque
1048 288 1254 340 domos!
1296 307 1448 356 saepe
1474 307 1649 340 annua
1672 290 1870 357 pandas
1913 303 1967 342 60

270 363 478 429 limina,
519 379 672 430 saepe
710 380 850 414 novo
890 360 1079 413 Ianum
1117 363 1302 414 lictore
1343 364 1560 428 saluteS,

268 453 424 503 saepe
465 438 728 488 coronatis
768 439 923 487 iteres
966 439 1328 505 quinquennia
1367 437 1571 489 lustris!

271 527 375 577 qua
413 510 546 561 mihi
584 511 762 562 felices
804 512 985 578 epulas
1025 528 1339 578 mensaeque
1379 511 1568 563 dedisti

268 602 417 635 sacra
455 587 600 651 tuae,
639 585 761 635 talis
802 585 966 652 longo
1006 587 1129 652 post
1168 588 1405 653 tempore
1444 589 1588 637 venit

269 659 362 709 lux
400 659 555 726 mihi,
594 658 852 710 Troianae
892 660 1063 726 qualis
1106 659 1203 710 sub
1244 660 1468 712 collibus
1509 658 1700 727 Albae,
1914 674 1968 713 65

267 750 391 783 cum
428 733 586 784 modo
628 731 913 785 Germanas
956 736 1090 785 acies
1130 733 1286 786 modo
1326 733 1470 785 Daca
1510 738 1785 786 sonantem

272 808 478 874 proelia
515 806 754 859 Palladio
788 810 882 859 tua
919 826 1002 859 me
1041 826 1228 859 manus
1270 808 1444 859 induit
1485 827 1627 861 auro,

1073 1015 1166 1067 III.

871 1131 976 1175 VIA
1008 1129 1366 1175 DOMITIANA.

568 1237 696 1299 Quis
738 1238 855 1290 duri
896 1240 1058 1290 silicis
1099 1242 1380 1307 gravisque
1419 1236 1543 1290 ferri

452 1315 699 1364 immanis
741 1331 901 1365 sonus
943 1316 1158 1380 aequori
1196 1316 1558 1382 propinquum

455 1405 671 1439 saxosae
710 1388 849 1439 latus
890 1386 1098 1456 Appiae
1136 1388 1394 1455 replevit?

362 1523 365 1528 ,
453 1464 590 1513 certe
628 1480 739 1514 non
779 1461 1006 1530 Libycae
1047 1465 1239 1515 sonant
1278 1465 1512 1514 catervae

452 1554 548 1587 nec
589 1535 694 1587 dux
733 1535 933 1600 advena
971 1539 1236 1605 peierante
1274 1536 1414 1589 bello
1656 1578 1658 1580 ψ
1943 1553 1967 1592 5

455 1608 752 1678 Campanos
794 1614 967 1679 quatit
1004 1613 1273 1679 inquietus
1315 1629 1493 1680 agrOS,

451 1703 547 1736 nec
586 1686 787 1754 frangit
825 1685 959 1737 vada
996 1685 1371 1754 montibusque
1412 1690 1572 1739 caesis

451 1759 657 1811 inducit
694 1757 837 1812 Nero
880 1759 1114 1812 sordidas
1155 1760 1396 1828 paludes,

454 1833 544 1885 sed
583 1837 675 1902 qui
714 1835 901 1886 limina
940 1834 1191 1886 bellicosa
1229 1833 1345 1887 Iani

450 1911 606 1959 iustis
647 1909 855 1977 legibus
897 1911 948 1960 et
987 1910 1102 1961 foro
1144 1913 1384 1976 coronat,
1914 1925 1967 1965 10

452 1985 545 2050 qui
585 1985 758 2035 castae
799 1981 973 2035 Cereri
1014 1983 1105 2035 diu
1143 1987 1337 2052 negata

451 2056 622 2108 reddit
659 2061 845 2126 iugera
884 2058 1190 2126 sobriasque
1229 2061 1393 2110 terras
1404 2101 1416 2126 ,

452 2135 544 2199 qui
583 2132 774 2183 fortem
812 2135 955 2183 vetat
992 2135 1206 2184 interire
1248 2151 1429 2184 sexum

452 2207 503 2256 et
543 2224 728 2258 censor
764 2206 1012 2275 prohibet
1049 2225 1218 2259 mares
1259 2207 1467 2260 adultos

448 2280 700 2347 pulchrae
740 2282 1062 2349 supplicium
1099 2284 1283 2333 timere
1322 2282 1541 2350 formae,
1913 2296 1964 2336 15

452 2357 543 2422 qui
582 2354 753 2406 reddit
793 2354 1058 2423 Capitolio
1099 2355 1395 2407 Tonantem

450 2431 502 2479 et
540 2427 730 2480 Pacem
767 2433 984 2498 propria
1023 2430 1179 2482 domo
1219 2433 1450 2498 reponit,

450 2506 541 2570 qui
580 2506 728 2571 genti
766 2507 968 2572 patriae
1007 2505 1187 2556 futura
1228 2523 1430 2573 semper

1846 2568 1961 2579 ψ

382 2670 428 2704 61
443 2661 611 2706 limina
627 2677 677 2712 ⁴3:
700 2663 899 2710 Lumina
990 2672 1040 2706 66
1056 2663 1186 2708 Daca
1204 2680 1251 2713 ςε
1277 2663 1397 2708 flaca
1487 2673 1535 2707 67
1554 2664 1712 2709 induit
1728 2679 1774 2715 ς;
1797 2666 1964 2710 induet

380 2720 459 2768 ΙΠ,
490 2730 513 2764 2
546 2721 737 2778 aequori
770 2737 816 2771 ς;
852 2723 1067 2778 aequoris
1200 2732 1224 2765 6
1254 2723 1494 2779 inquietus
1527 2725 1740 2781 (alterum
1771 2725 1787 2768 i
1817 2739 1962 2782 supra

263 2794 301 2823 v.
321 2781 427 2828 add.
445 2780 527 2838 ΜΞ)
619 2790 667 2825 10
690 2781 896 2839 legibus:
926 2782 1116 2826 sedibus
1138 2783 1362 2841 Stanyius
1385 2786 1505 2828 1887
1520 2799 1570 2841 p.
1587 2786 1650 2829 24
1739 2793 1782 2828 11
1807 2785 1888 2840 qui
1913 2800 1959 2834 cs:

264 2838 377 2891 Quis
409 2841 547 2896 (quod
575 2843 738 2889 retinet
767 2842 962 2887 Vollmer
991 2848 1033 2887 et
1061 2843 1136 2887 hic
1164 2848 1207 2887 et
1235 2857 1274 2887 v.
1293 2847 1368 2899 13)
1460 2851 1505 2886 12
1531 2842 1803 2900 sobriasque
1826 2850 1959 2890 recte:

262 2898 532 2955 sobriatque
564 2901 933 2946 Sandstroemius
964 2905 1090 2946 1878
1114 2917 1162 2959 p.
1189 2905 1253 2946 28
1343 2911 1391 2945 13
1423 2902 1507 2958 qui
1536 2917 1585 2952 3:
1619 2901 1732 2955 Quis
