2034 3126
717 128 1063 174 PRAEFATIO
1555 129 1743 174 LXXXI

42 271 238 320 librarii
269 272 620 335 peccaverunt,
655 272 907 319 mutantes
940 273 990 318 et
1021 273 1087 319 -is
1117 272 1170 318 in
1203 285 1272 319 ·es
1305 272 1355 318 et
1386 285 1456 319 -es
1486 271 1539 318 in
1571 273 1638 320 ·is
1670 298 1741 304 —

41 362 72 395 a
102 346 412 394 Matritensis
447 344 661 393 lectione
699 344 753 392 in
792 346 1190 394 accusativorum
1220 345 1384 394 forma
1413 345 1741 394 recedendum

39 420 164 468 mihi
195 435 294 469 non
325 434 429 468 esse
461 418 736 468 arbitratus
767 434 891 468 sum.
937 419 1148 481 denique
1180 418 1316 481 quod
1347 421 1604 468 nominum
1626 436 1740 483 pro-

38 496 262 557 priorum
275 493 506 555 indicem,
527 509 674 555 quem
690 493 862 542 abesse
876 494 1040 542 noluit
1055 492 1331 556 bibliopola
1348 493 1741 555 honestissimuS‚

40 568 234 630 addidi,
264 566 397 616 haud
427 569 683 633 ingratum
712 568 818 616 fore
850 583 993 630 spero
1025 567 1320 632 legentibus.
1375 568 1591 617 maximo
1625 584 1741 618 vero

40 643 107 692 ad
159 659 270 691 eum
323 641 680 691 conficiendum
731 644 845 692 usui
889 642 1026 691 fuere
1071 642 1262 692 indices
1308 643 1540 692 editionis
1586 643 1741 692 Kohl-

38 719 338 765 mannianae
370 719 421 764 et
448 732 598 779 quem
622 715 875 766 Saftienus
901 717 964 766 ad
987 717 1233 766 Vollmeri
1255 717 1524 766 editionem
1547 733 1742 767 summa

37 806 151 841 cum
182 791 445 856 diligentia
476 791 770 854 composuit.

113 867 215 914 iam
239 865 386 915 finem
408 866 651 914 faciamus
673 865 962 928 praefando.
1010 866 1130 929 quid
1159 868 1319 915 restat
1348 868 1449 916 nisi
1470 869 1528 916 ut
1552 868 1741 931 gratias

36 955 187 1004 agam
227 941 298 989 eis
339 955 553 1003 quorum
592 941 834 989 auxilium
872 941 998 989 mihi
1034 942 1089 990 in
1122 939 1272 989 Silvis
1306 940 1508 990 edendis
1539 943 1740 1004 praesto

36 1013 173 1064 fuit?
233 1018 384 1077 atque
420 1014 668 1077 imprimis
702 1015 1035 1064 nominandus
1069 1018 1144 1064 est
1173 1015 1458 1066 Frideiicus
1490 1015 1613 1080 Leo,
1655 1018 1743 1079 qui

39 1090 298 1152 quaerenti
324 1089 449 1138 mihi
472 1089 533 1138 de
556 1089 678 1140 locis
701 1090 837 1139 haud
859 1092 1033 1154 paucis
1059 1091 1179 1152 quid
1203 1091 1411 1139 sentiret
1431 1107 1521 1155 per
1543 1091 1741 1140 litteras

37 1163 392 1227 benignissime
437 1166 649 1227 aperuit
712 1165 941 1228 sequitur
978 1165 1259 1214 Fridericus
1306 1165 1553 1227 Vollmer,
1600 1166 1741 1216 cuius

37 1237 256 1287 editione
286 1240 593 1302 quantopere
620 1238 869 1289 Silvarum
900 1241 1252 1303 interpretatio
1284 1241 1351 1289 sit
1381 1242 1618 1304 provecta
1642 1257 1742 1290 non

36 1327 203 1361 meum
251 1315 327 1362 est
371 1313 591 1363 laudare.
652 1314 784 1363 idem
831 1315 911 1363 vir
956 1315 1129 1364 doctus
1177 1317 1227 1364 et
1265 1315 1428 1364 multa
1468 1332 1595 1379 quae
1634 1317 1740 1378 ipse

36 1386 308 1451 collegerat
353 1403 412 1436 ex
457 1387 731 1453 codicibus,
775 1389 1022 1452 imprimis
1068 1393 1303 1439 notarum
1349 1390 1742 1439 Politianearum

37 1462 359 1511 collationem
410 1462 536 1511 mihi
588 1465 816 1526 permisit
869 1466 919 1513 et
964 1466 1019 1512 in
1063 1465 1445 1527 typothetarum
1493 1465 1742 1514 erroribus

38 1536 375 1585 emaculandis
401 1552 700 1602 magnopere
723 1555 802 1587 me
826 1539 1035 1588 adiuvit.
1081 1538 1213 1587 idem
1238 1555 1417 1588 munus
1444 1542 1495 1589 et
1519 1543 1742 1589 sescenta

37 1610 141 1660 alia
169 1610 323 1660 debeo
347 1611 589 1662 Mauricio
613 1612 800 1676 Krohn‚
832 1613 970 1663 cuius
1002 1630 1115 1663 cum
1147 1614 1206 1663 de
1232 1613 1397 1663 Statio
1427 1617 1539 1663 tum
1563 1615 1624 1663 de
1647 1615 1743 1664 hac

36 1685 255 1735 editione
286 1686 466 1735 merita
495 1687 642 1738 iustis
673 1689 845 1738 efferre
875 1689 1110 1738 laudibus
1141 1689 1224 1738 vix
1254 1705 1404 1752 penes
1436 1706 1515 1738 me
1549 1692 1638 1739 est.

113 1789 400 1839 Scribebam
430 1791 684 1842 Monachii
712 1792 787 1846 Id.
810 1793 929 1843 Dec.
958 1794 1115 1843 1899.

1143 1921 1408 1979 Alfi-edus
1447 1922 1628 1978 Klotz.

797 2268 982 2319 NOTA

114 2365 294 2436 Krohni
318 2366 613 2425 benignitate
637 2367 699 2412 ad
714 2367 1005 2437 Matritensis
1030 2368 1140 2413 libri
1165 2369 1376 2438 speciem
1395 2369 1741 2415 inlustrandam

35 2425 291 2486 imaginem
325 2426 403 2471 fol.
423 2431 501 2471 64·
533 2426 705 2473 addere
736 2430 884 2485 potui,
951 2429 1045 2473 uod
1073 2430 1283 2474 continet
1306 2430 1447 2487 primi
1471 2429 1582 2475 libri
1605 2444 1742 2488 prae-

11 2484 288 2540 notionem,
318 2486 511 2531 modulo
543 2486 602 2531 ad
636 2486 884 2533 dimidium
936 2502 1014 2533 ere
1045 2489 1236 2534 redacto
1268 2492 1372 2547 (165
1393 2508 1402 2534 :
1421 2494 1493 2545 90,
1518 2492 1576 2547 2).

132 3047 256 3081 svnt
281 3046 445 3081 Sanan.
485 3047 557 3081 Ed.
572 3047 621 3080 11.
1454 3040 1477 3085 f
