2034 3126
275 82 425 127 XVIII
956 84 1296 129 PRAEFATIO

281 223 493 270 Ernesto
525 222 871 272 Lommatzsch
911 225 1102 288 collega
1134 223 1374 289 Georgius
1406 226 1541 275 Karo
1581 227 1980 277 communicavit.

282 297 408 344 Mihi
464 297 707 358 quaedam
759 297 1221 347 benevolentissime
1276 301 1499 349 enotavit
1544 301 1785 349 Ricardus
1833 299 1980 365 Opitz

276 371 470 434 collega
499 371 774 433 Lipsiensis
814 388 903 420 nec
942 389 1042 420 non
1073 372 1347 436 Drerupius
1379 390 1518 423 meus
1549 375 1857 424 Monacensis
1890 376 1978 424 ali-

281 447 403 507 quot
434 446 567 494 locos
601 446 917 494 examinavit.

349 519 529 567 horum
552 521 712 583 igitur
736 520 963 568 codicum
985 522 1211 585 integrae
1229 523 1520 571 collationes
1535 524 1660 571 mihi
1674 525 1727 571 in
1742 526 1978 586 promptu

274 596 403 642 sunt.
467 609 525 641 ex
558 594 883 643 deterioribus
916 595 1155 657 quosdam
1186 611 1342 658 usque
1376 597 1498 645 adeo
1531 597 1739 662 cognovi
1769 601 1827 646 ut
1859 598 1979 660 quid

274 667 332 715 de
358 669 428 716 eis
453 670 519 716 sit
541 668 864 716 iudicandum
886 669 1012 716 mihi
1034 669 1239 732 liqueat.
1289 672 1442 732 atque
1465 671 1541 719 his
1559 673 1714 734 copiis
1730 673 1976 721 instructo

270 741 373 789 iam
410 742 472 790 ad
503 743 829 806 principalem
863 745 1204 805 quaestionem
1235 745 1353 793 licet
1384 745 1614 794 accedere
1648 748 1698 794 et
1726 747 1977 808 inquirere

272 832 374 878 qua
404 816 596 864 ratione
630 817 927 866 cohaereant
958 818 1075 865 libri
1104 820 1434 882 manuscripti
1467 821 1518 868 et
1546 819 1678 868 inter
1709 836 1761 869 se
1789 823 1839 869 et
1863 837 1976 869 cum

271 890 530 954 Poggiano
564 891 866 955 apographo.

362 1067 394 1131 g
422 1071 468 1117 2.
532 1068 710 1127 QUAE
744 1068 950 1118 RATIO
982 1070 1192 1118 INTER
1225 1069 1505 1120 comens
1540 1071 1884 1121 SILVARUM

870 1139 1368 1212 1NTEROEDAT.1)

344 1263 401 1295 ac
446 1248 663 1309 primum
712 1247 911 1310 quidem
956 1249 1050 1296 hoc
1088 1249 1239 1298 velim
1277 1252 1508 1298 teneatur
1546 1266 1828 1301 communes
1869 1266 1973 1301 esse

272 1322 499 1370 omnibus
530 1322 672 1370 libris
703 1323 909 1371 lacunas
943 1325 1167 1371 omnium
1197 1324 1421 1372 virorum
1453 1325 1710 1374 doctorum
1735 1341 1975 1374 consensu

268 1395 505 1458 probatas
560 1397 700 1445 velut
751 1396 804 1444 II
838 1399 886 1459 2,
921 1399 1040 1446 147.
1111 1398 1158 1443 V
1192 1399 1239 1459 3,
1275 1401 1404 1461 1293
1458 1415 1767 1447 communem
1821 1401 1973 1448 etiam

271 1472 712 1532 transpositionem
750 1471 892 1519 illam
930 1487 1162 1520 versuum
1203 1489 1354 1534 quam
1392 1473 1445 1520 in
1484 1475 1619 1522 exitu
1657 1475 1822 1523 Villae
1857 1473 1971 1523 Sur-

268 1546 493 1593 rentinae
526 1545 713 1593 factam
746 1561 849 1594 esse
880 1548 982 1594 iam
1005 1546 1254 1595 Antonius
1278 1547 1621 1597 Amiterninus
1651 1551 1701 1597 et
1723 1552 1837 1611 post
1861 1565 1973 1597 eum

269 1617 545 1669 Gronovius
585 1622 839 1683 cognovit,
880 1637 1164 1670 communes
1205 1622 1380 1670 deinde
1421 1623 1724 1685 corruptelas
1755 1624 1971 1672 minores

270 1710 477 1742 numero
509 1694 643 1742 haud
674 1710 874 1756 paucas.
922 1697 1180 1758 praeterea
1210 1713 1271 1744 ne
1301 1697 1395 1745 hoc
1422 1697 1622 1759 quidem
1645 1697 1843 1746 videtur
1867 1713 1972 1747 esse

271 1769 631 1832 neglegendum
670 1770 723 1816 in
762 1770 900 1817 nullo
940 1770 1106 1818 codice
1146 1786 1317 1819 versus
1358 1773 1549 1819 exstare
1590 1771 1677 1833 qui
1711 1788 1815 1838 ‚non
1849 1772 1971 1821 item

266 1843 498 1906 legantur
534 1843 587 1890 in
619 1843 916 1893 Matritensi.
982 1846 1131 1907 atque
1170 1848 1228 1893 ut
1265 1845 1367 1893 iam
1406 1846 1621 1894 indicem
1660 1863 1756 1909 quo
1796 1846 1972 1895 tendat

268 1919 441 1965 nostra
465 1918 846 1966 demonstratio:
870 1919 1001 1967 hunc
1024 1919 1207 1966 librum
1232 1921 1538 1982 archetypon
1562 1907 1783 1968 omnffim
1809 1921 1971 1983 quinti

269 1992 444 2039 decimi
470 1992 655 2040 saeculi
672 1993 899 2041 codicum
916 1994 1179 2056 ipsumque
1197 1995 1521 2058 apographon
1536 1994 1848 2060 Poggianum
1865 2011 1968 2045 esse

267 2067 555 2115 certissimis
589 2069 894 2130 argumentis
925 2067 1122 2116 firmare
1153 2069 1285 2117 licet.

342 2142 492 2203 atque
540 2157 569 2187 a
614 2142 809 2203 reliqua
854 2141 1006 2190 turba
1052 2143 1374 2192 secernendos
1422 2158 1528 2192 esse
1568 2143 1721 2192 libros
1762 2137 1969 2200 GHIKQ

265 2207 360 2280 (=
391 2209 447 2280 γ)
495 2215 598 2262 iam
636 2215 888 2264 Krohnius
933 2217 1214 2278 adnotavit,
1261 2217 1347 2266 ubi
1389 2234 1540 2280 quam
1579 2217 1867 2267 brevissime
1908 2219 1966 2267 de

266 2288 518 2337 Silvarum
550 2289 802 2339 codicibus
835 2284 998 2357 egit.2)
1063 2292 1244 2340 artiore
1276 2293 1493 2354 quodam
1524 2293 1723 2342 vinculo
1754 2293 1886 2341 inter
1916 2308 1967 2340 se

265 2379 347 2411 eos
378 2364 633 2425 contineri,
665 2366 745 2413 vel
771 2365 1070 2427 quibusdam
1093 2367 1318 2415 versibus
1344 2369 1395 2415 et
1416 2366 1579 2416 verbis
1603 2368 1657 2414 in
1677 2368 1746 2415 eis
1772 2367 1966 2416 omissis

340 2552 383 2606 1)
415 2563 535 2605 quae
572 2550 752 2606 priores
785 2551 843 2595 de
877 2551 1118 2596 codicibus
1153 2552 1384 2597 Silvarum
1418 2553 1759 2608 disseruerunt,
1800 2566 1856 2596 ea
1888 2553 1965 2596 hic

263 2609 462 2652 transire
501 2623 714 2666 possum,
755 2624 861 2654 cum
899 2614 1008 2668 post
1039 2612 1363 2656 Matritensem
1394 2614 1631 2670 repertum
1662 2611 1803 2669 plane
1835 2612 1965 2656 aliud

264 2669 327 2712 sit
357 2668 536 2712 factum
566 2669 733 2713 iudicii
768 2670 1135 2715 fundamentum.
1191 2672 1380 2716 honoris
1411 2674 1571 2716 tamen
1603 2685 1744 2715 causa
1774 2672 1964 2716 nomino

261 2728 444 2772 Imhofii
471 2729 535 2782 ⁵de
561 2728 701 2772 Statii
727 2729 957 2773 Silvarum
989 2731 1262 2776 condicione
1294 2732 1459 2776 critica
1481 2730 1691 2776 libellum
1719 2731 1965 2775 scholasti-

263 2802 369 2831 cum
411 2792 524 2831 1859
562 2790 610 2832 et
642 2788 884 2833 Skutschii
916 2790 1285 2847 disputationem
1315 2792 1365 2834 in
1397 2790 1690 2835 Fleckeiseni
1723 2790 1959 2834 annalium

261 2847 351 2891 vol.
379 2846 581 2891 CXLVII
612 2850 762 2905 (1893)
795 2863 841 2905 p.
866 2853 952 2893 469
964 2864 1029 2904 sq.

338 2909 381 2963 2)
413 2907 462 2949 in
494 2906 723 2951 Vollmeri
755 2908 963 2952 editione
996 2913 1110 2953 1898
1142 2925 1186 2966 p.
1214 2914 1284 2954 39.
