2034 3126
265 18 369 70 158
871 17 920 61 P.
946 16 1152 60 PAPINI
1185 17 1357 61 STATI

260 157 522 206 mirantur
562 153 702 205 Latii
740 171 978 221 proceres
1020 155 1267 221 ultorque
1308 154 1524 206 deorum

262 227 473 295 Caesar,
515 231 565 279 et
605 246 631 279 e
669 228 841 279 medio
883 228 1063 278 divum
1101 230 1251 295 pater
1290 231 1478 279 annuit
1516 232 1647 297 igni.

260 307 469 370 iamque
510 305 561 353 et
600 301 723 353 flere
761 305 851 370 pio
891 301 1162 353 Vesuvina
1199 302 1442 354 incendia
1482 306 1640 354 cantu
1873 318 1960 358 205

260 395 407 428 mens
449 379 560 427 erat
599 379 650 427 et
689 378 947 444 gemitum
984 379 1171 443 patriis
1211 376 1512 444 impendere
1552 377 1778 445 damnis,

262 469 382 503 cum
419 453 570 518 pater
610 453 911 518 exemptum
949 453 1102 502 terris
1145 450 1211 501 ad
1251 451 1419 502 sidera
1457 454 1693 503 montem

262 526 481 577 sustulit
521 527 572 576 et
610 526 715 576 late
753 527 969 575 miseras
1012 524 1197 576 deiecit
1235 528 1293 575 in
1330 525 1501 576 urbes,

263 618 347 651 me
388 617 598 667 quoque
636 599 842 650 vocales
882 600 1030 650 lucos
1071 598 1375 666 Boeotaque
1413 602 1587 666 tempe

261 675 586 741 pulsantem,
627 691 747 724 cum
786 675 949 740 stirpe
987 675 1081 724 tua
1120 673 1427 725 descendere
1468 673 1597 740 dixi,
1874 687 1962 727 210

261 747 515 799 admisere
556 747 700 815 deae3
738 764 835 798 nec
875 750 1016 798 enim
1052 747 1185 798 mihi
1225 747 1396 799 sidera
1433 750 1642 799 tantum

262 839 593 890 aequoraque
634 824 685 873 et
722 823 909 888 terras,
951 839 1084 889 quae
1121 840 1235 874 mos
1278 821 1462 873 debere
1499 825 1728 890 parenti,

264 896 353 947 sed
393 896 548 947 decus
588 896 689 947 hoc
729 896 1096 963 quodcumque
1135 897 1280 964 lyrae
1318 899 1626 964 primusque
1667 897 1857 949 dedisti

260 988 372 1022 non
409 971 628 1038 vulgare
668 971 817 1037 loqui
857 973 908 1021 et
947 970 1142 1021 famam
1182 988 1390 1038 sperare
1431 972 1687 1038 sepulcro,

262 1045 433 1112 qualis
475 1062 610 1111 eras,
651 1043 831 1096 Latios
873 1047 1117 1112 quotiens
1158 1063 1256 1113 ego
1298 1048 1526 1096 carmine
1564 1048 1739 1113 patres
1875 1059 1960 1098 215

260 1120 545 1170 mulcerem
582 1119 813 1186 felixque
852 1121 933 1170 tui
974 1121 1238 1187 spectator
1278 1119 1482 1171 adesses

260 1195 516 1244 muneris!
555 1193 659 1244 heu
699 1193 844 1261 quali
885 1193 1135 1245 confusus
1176 1193 1371 1262 gaudia
1408 1192 1535 1244 fletu

260 1270 386 1319 vota
422 1271 646 1335 piosque
684 1270 855 1318 metus
895 1270 1035 1318 inter
1072 1268 1374 1336 laetumque
1412 1267 1690 1335 pudorem!

262 1360 422 1409 quam
460 1345 583 1393 tuus
622 1342 715 1392 ille
755 1341 886 1409 dies,
928 1360 1088 1409 quam
1123 1360 1236 1394 non
1272 1342 1405 1393 mihi
1443 1343 1616 1410 gloria
1653 1346 1843 1395 maior!

261 1417 383 1467 talis
425 1414 736 1484 Olympiaca
773 1420 1018 1468 iuvenem
1058 1434 1177 1468 cum
1217 1419 1418 1484 spectat
1456 1416 1652 1467 harena
1877 1431 1962 1471 220

263 1494 355 1558 qui
393 1493 601 1558 genuit,
640 1492 762 1558 plus
802 1494 916 1558 ipse
955 1491 1097 1559 ferit,
1137 1491 1258 1558 plus
1300 1490 1453 1542 corde
1493 1491 1590 1543 sub
1631 1492 1739 1544 alto

263 1564 519 1632 caeditur3
560 1564 840 1616 attendunt
881 1568 1052 1631 cunei,
1095 1567 1361 1632 spectatur
1399 1563 1624 1616 Achaeis

261 1640 353 1690 1110
392 1642 585 1707 magis,
628 1639 807 1691 crebro
849 1639 974 1690 dum
1013 1640 1217 1690 lumina
1253 1641 1486 1708 pulveris
1526 1640 1722 1691 haustu

263 1713 442 1764 obruit
481 1716 532 1764 et
570 1732 763 1781 prensa
799 1716 957 1765 vovet
996 1717 1231 1781 expirare
1271 1732 1478 1765 corona.

263 1791 310 1839 ei
348 1787 481 1838 mihi
522 1788 664 1855 quod
701 1790 911 1838 tantum
949 1791 1148 1856 patrias
1190 1806 1287 1856 ego
1327 1791 1520 1840 vertice
1559 1788 1771 1840 frondes
1876 1802 1961 1841 225

264 1863 481 1929 solaque
522 1860 850 1914 Chalcidicae
890 1860 1124 1914 Cerealia
1163 1862 1301 1914 dona
1341 1880 1563 1914 coronae

261 1938 314 1988 te
355 1936 452 1988 sub
491 1939 625 1987 teste
663 1938 786 1988 tuli!
850 1937 1060 2004 qualem
1098 1939 1149 1987 te
1187 1936 1465 1988 Dardanus
1506 1935 1675 1988 Albae

263 2014 352 2062 vix
393 2013 617 2078 cepisset
656 2029 801 2079 ager,
844 2015 887 2062 si
926 2029 1021 2079 per
1058 2029 1142 2062 me
1183 2014 1321 2063 serta
1359 2013 1571 2063 tulisses

383 2193 454 2228 207
487 2186 694 2228 montem
725 2199 773 2234 ςε
806 2187 964 2228 monte
1056 2194 1130 2228 209
1154 2185 1425 2241 Boeotaque
1450 2186 1705 2230 Baehrens:
1738 2185 1963 2243 biotaque

264 2245 417 2301 (facile
449 2245 613 2303 leqitar
642 2244 910 2301 luocaque):
942 2245 1148 2301 Inoaque
1172 2247 1349 2290 Polster
1381 2249 1505 2290 1878
1534 2260 1579 2302 p.
1600 2250 1674 2289 10:
1708 2244 1963 2303 ignotaque

264 2305 465 2348 Ellisius
498 2307 622 2348 1885
643 2318 693 2360 p,
711 2308 791 2348 96:
823 2303 1114 2361 Dircaeaque
1138 2305 1337 2362 Saenyer
1361 2308 1481 2349 1910
1496 2319 1546 2361 p.
1566 2308 1658 2350 562
1748 2313 1817 2348 212
1842 2319 1962 2360 quae

263 2377 364 2407 mos
404 2364 664 2408 Krohnias:
713 2378 854 2419 quam
893 2378 994 2408 vos:
1043 2379 1184 2420 quam
1222 2378 1306 2408 nos
1345 2365 1599 2408 Baehrens:
1647 2366 1873 2419 quantum
1912 2379 1961 2409 os

265 2424 554 2467 Koestlinias
585 2425 708 2467 1876
730 2438 779 2479 p.
800 2426 910 2467 519:
944 2426 1173 2480 quantum
1203 2424 1320 2467 haec
1346 2425 1607 2468 Karstenus
1638 2427 1760 2468 1899
1779 2439 1830 2480 p.
1850 2427 1962 2469 373:

263 2481 418 2525 lucem
455 2482 545 2526 hoc
584 2484 908 2538 (parenthetiee
939 2498 1079 2539 usqae
1111 2484 1173 2527 ad
1203 2484 1405 2540 parenti)
1437 2483 1655 2541 Saenyer3
1695 2485 1963 2528 sententiam

264 2543 411 2599 tetiyit
449 2541 816 2586 Sandstroemius
855 2546 974 2587 1878
1006 2558 1054 2599 p.
1090 2546 1172 2588 38:
1213 2543 1378 2598 quovis
1416 2544 1611 2586 ventura
1649 2545 1843 2598 parente

265 2610 336 2643 213
369 2601 509 2644 decus
544 2603 580 2657 (s
613 2615 669 2645 ex
700 2616 746 2644 m
777 2601 860 2656 M1)
975 2610 1046 2645 215
1079 2615 1181 2645 eras
1215 2604 1254 2659 (s
1287 2616 1341 2646 eae
1371 2603 1392 2644 t
1423 2603 1506 2658 Ml)
1614 2610 1685 2644 218
1717 2601 1838 2646 Vota
1868 2609 1960 2647 m?:

264 2660 392 2705 Nota
549 2669 619 2702 219
657 2661 766 2703 tuus
807 2661 1092 2706 Politianas:
1132 2676 1237 2704 1uus
1394 2669 1466 2704 222
1505 2661 1704 2704 Achaeis
1743 2662 1963 2716 Imhofias

266 2723 390 2764 1867
414 2734 462 2776 p.
488 2723 538 2764 2:
573 2719 784 2763 achates:
820 2720 1013 2776 ephebis
1045 2722 1242 2776 Saenqer
1361 2729 1435 2763 228
1466 2721 1638 2764 haustu
1669 2736 1711 2765 c:
1744 2721 1903 2764 hausti

266 2787 340 2821 220
380 2777 668 2823 calchidicae
707 2779 898 2823 cerialia
1049 2788 1122 2823 228
1161 2780 1252 2824 Vix
1291 2780 1511 2837 cepisset:
1561 2779 1820 2835 excepisset
1862 2781 1962 2826 Otto

267 2842 390 2882 1887
415 2853 463 2894 p.
492 2842 579 2882 545
