2034 3126
687 66 1001 113 SILVARUM
1033 65 1085 111 L.
1108 64 1167 118 11,
1194 69 1217 109 1
1729 64 1797 116 41

97 209 321 262 nexibus
361 211 520 277 atque
556 210 676 275 ipso
715 203 985 258 revocabit
1022 203 1090 255 ad
1127 203 1311 256 oscula
1346 203 1536 271 poste?

95 285 283 338 obvius
322 284 546 335 intranti
583 298 767 333 rursus
807 282 926 348 quis
965 282 1024 331 in
1062 295 1156 331 ora
1191 295 1487 345 manusque
1746 289 1802 328 65

94 360 338 428 prosiliet
372 355 726 424 brevibusque
764 371 974 414 umeros
1014 351 1362 405 circumdabit
1398 352 1579 403 ulnis‘?

94 437 243 485 muta
281 432 490 498 domus,
529 430 720 497 fateor,
760 428 1088 497 desolatique
1125 429 1342 496 penates
1352 466 1366 494 ,

95 511 148 560 et
187 510 320 559 situs
358 510 418 559 in
455 506 703 558 thalamis
745 506 797 555 et
834 505 1036 555 maesta
1074 503 1287 554 silentia
1323 501 1544 552 mensis!

207 581 336 651 quid
371 583 589 647 mirum,
627 580 779 631 tanto
820 581 866 629 si
904 579 957 630 te
995 580 1117 646 pius
1157 577 1297 629 altor
1334 575 1564 627 honorat

92 656 314 709 funere?
374 658 436 707 tu
474 654 690 707 domino
729 655 937 722 requies
975 653 1269 721 portusque
1309 652 1568 718 senectae,
1749 661 1803 702 70

94 734 153 783 tu
192 730 351 783 modo
390 729 628 797 deliciae,
667 727 845 780 dulces
884 726 1043 779 modo
1082 729 1294 795 pectore
1334 742 1501 777 curae.

0 866 3 870 ,
92 824 204 858 non
242 808 295 857 te
331 804 634 857 barbaricae
671 801 918 855 versabat
955 801 1114 853 turbo
1155 802 1406 867 catastae,

0 895 3 900 ’
93 898 191 933 nec
228 882 427 932 mixtus
466 877 675 931 Phariis
715 878 917 930 venalis
956 875 1219 928 mercibus
1258 874 1436 927 infans

94 957 522 1024 compositosque
562 954 696 1005 sales
735 951 1093 1020 meditataque
1131 949 1293 1003 verba
1330 950 1541 1002 locutus

92 1032 349 1099 quaesisti
386 1030 613 1080 lascivus
654 1045 804 1079 erum
840 1026 1093 1094 tardeque
1131 1026 1348 1094 parasti.
1747 1035 1801 1075 75

0 1135 9 1146 ··
91 1105 178 1157 hic
217 1103 428 1172 domus,
464 1103 591 1155 hinc
629 1104 801 1169 ortuS,
841 1100 1148 1169 dominique
1185 1098 1468 1168 penatibus
1509 1099 1640 1150 olim

0 1182 12 1242 >J
92 1197 244 1232 carus
283 1181 505 1248 uterque
543 1195 734 1247 parens
774 1178 933 1245 atque
971 1179 1030 1228 in
1067 1178 1162 1227 tua
1199 1173 1396 1244 gaudia
1433 1172 1590 1241 liber,

4 1249 20 1393 'i
90 1272 159 1307 ne
182 1270 498 1381 &gerg-111¹:
508 1270 693 1322 genus.
755 1254 970 1377 raptunli
1009 1249 1100 1377 seg}
1137 1251 1383 1318 protinus
1424 1249 1544 1301 alvo

92 1347 182 1381 sus
350 1346 379 1381 e
499 1345 594 1379 ans
634 1345 695 1379 ac
732 1343 906 1395 prima
964 1343 1051 1378 uci
1088 1342 1120 1377 a
1157 1342 1285 1376 voce

91 1406 235 1457 astra
274 1403 593 1455 salutantem
634 1401 879 1454 dominus
921 1400 1024 1452 sibi
1062 1402 1239 1452 mente
1278 1398 1494 1466 dicavit,
1744 1409 1801 1449 80

91 1479 471 1547 amplexusque
511 1479 632 1530 sinu
670 1477 799 1529 tulit
837 1478 889 1528 et
926 1478 1175 1544 genuisse
1213 1475 1439 1543 putavit.

90 1554 170 1606 fas
210 1553 343 1605 mihi
384 1554 690 1605 sanctorum
726 1554 882 1603 venia
919 1549 1115 1602 dixisse
1152 1551 1456 1618 parentum,

91 1631 277 1698 tuque,
318 1645 436 1695 or0,
472 1624 702 1695 Natura,
743 1629 908 1694 sinas,
949 1628 1034 1677 cui
1072 1627 1246 1693 prima
1282 1641 1377 1693 per
1416 1621 1598 1675 orbem

90 1706 209 1756 iura
245 1705 437 1755 animis
477 1704 680 1754 sancire
719 1699 923 1753 datum:
961 1717 1074 1752 non
1113 1701 1293 1752 omnia
1331 1699 1550 1766 sanguis

90 1781 366 1848 proximus
405 1779 499 1829 aut
538 1779 670 1829 serie
708 1778 918 1845 generis
958 1774 1187 1827 demissa
1223 1789 1464 1842 propago
1744 1783 1800 1823 85

90 1854 302 1922 alligat3
340 1854 564 1905 interius
602 1868 743 1904 nova
781 1868 935 1920 saepe
975 1849 1279 1918 adscitaque
1319 1848 1541 1916 serpunt

90 1931 320 1998 pignora
358 1929 586 1979 conexis.
645 1928 801 1979 natos
841 1928 1090 1995 genuisse
1127 1941 1339 1976 necesse
1378 1923 1479 1989 est,

0 2052 2 2055 ,
90 2003 314 2073 elegisse
352 2004 516 2055 iuvat.
577 2004 758 2053 tenero
799 2003 875 2053 sic
912 1999 1141 2053 blandus
1182 1996 1384 2051 Achilli

90 2142 282 2239 ,οωζῖι
299 2146 492 2261 ’Ξὲἕᾳιῖ
518 2133 750 2251 3132‘11‘2952·
776 2127 1493 2246 ὗίῗιῖἓῐηῧὲωῗὲοεέρΐιῗῶῖἳ
1516 2129 1802 2245 masiis

89 2259 175 2299 aut
196 2257 494 2311 postponam·
514 2252 799 2298 substantivo
822 2256 907 2296 aut
932 2250 1230 2308 coniunyitur
1252 2262 1354 2293 cum
1379 2247 1613 2293 atvm‘buto.
1646 2246 1801 2304 adque

90 2314 218 2372 ipsos
242 2327 278 2357 r.
296 2312 357 2357 ad
381 2311 447 2370 (in
474 2313 740 2371 Poematia-s
764 2314 886 2357 1905
902 2325 953 2369 p.
973 2313 1060 2356 121
1085 2310 1205 2355 idem
1229 2308 1290 2352 ad
1315 2320 1397 2353 ora
1419 2320 1462 2351 v.
1480 2308 1557 2364 65)
1583 2321 1624 2352 o.
1642 2309 1800 2364 postes

92 2374 360 2421 Pontianus
465 2370 726 2416 revocabit:
761 2370 1011 2415 renovabit
1040 2369 1240 2428 Saenyer
1345 2375 1392 2412 οἳ
1426 2366 1581 2413 fateor
1603 2367 1802 2425 probum

0 2410 7 2503 ξ
89 2433 198 2491 (aar.
214 2433 419 2479 Lohriuo
448 2434 574 2478 1876
598 2445 647 2489 p.
665 2434 739 2487 75,
771 2431 829 2487 cf.
847 2430 1115 2476 Skutschiue
1143 2430 1265 2474 1893
1285 2442 1333 2485 p.
1351 2428 1479 2483 828).
1509 2427 1631 2472 nihil
1653 2428 1802 2497 maffia

0 2514 2 2524 s
93 2494 257 2547 latim
280 2493 338 2548 cf.
349 2491 726 2551 e.9.Plaut.Aul.
744 2493 810 2535 88
832 2503 1015 2548 pauper
1038 2503 1155 2545 sum,
1180 2487 1348 2542 fateor,
1372 2486 1529 2544 patior
1618 2495 1669 2531 es
1692 2501 1799 2543 pius

0 2569 3 2583 ·
31 2558 33 2564 '
92 2551 216 2599 altor
245 2568 294 2603 5:
327 2550 435 2609 plus
466 2549 588 2596 alter
702 2559 746 2595 τι
777 2549 939 2596 dulces
963 2576 1021 2583 —
1046 2561 1206 2594 curae:
1240 2546 1391 2592 dulcis
1415 2572 1475 2580 —
1499 2560 1611 2592 cura
1643 2547 1799 2603 Elter3

85 2612 291 2671 pluralis
320 2611 450 2657 haud
477 2612 575 2657 scio
601 2625 667 2655 απ
690 2615 881 2668 propter
910 2608 1111 2655 deliciae
1141 2608 1368 2667 pluralem
1397 2608 1596 2665 scriptus
1621 2608 1683 2652 sit

0 2678 6 2722 ξι
41 2684 48 2694 '
93 2680 143 2718 π
173 2671 315 2718 variis
344 2670 556 2728 (del.1¹)
588 2669 769 2728 phariis
862 2678 910 2714 π
941 2669 1019 2715 hic
1044 2669 1305 2715 Krolmiue:
1338 2666 1462 2712 Hinc
1555 2676 1603 2711 78
1636 2679 1799 2723 quere-

2 2728 7 2782 Ϊ
92 2745 193 2778 rere
223 2747 267 2776 n
295 2733 350 2778 in
379 2745 488 2790 mq.:
526 2742 751 2787 quaerere
893 2738 943 2774 8⁸
974 2729 1140 2786 Tuque
1170 2730 1245 2787 (ex
1274 2726 1347 2772 Tu
1378 2740 1565 2783 quoque
1596 2726 1680 2785 1¹)

93 2805 175 2860 oro
197 2791 283 2862 If:
316 2805 398 2835 ora
452 2850 462 2860 ι
488 2799 536 2835 84
570 2789 770 2859 sancire:
803 2790 982 2835 sociare
1014 2803 1057 2834 oz
1092 2800 1276 2834 sacrare
1301 2787 1479 2856 Polster
1501 2789 1625 2832 1884
1644 2800 1692 2843 p.
1711 2789 1739 2831 4

22 2877 34 2943 ὲ
94 2862 344 2971 weg:
386 2863 591 2895 animus:
625 2852 775 2895 atavis
807 2849 1049 2895 Krohnius
1198 2856 1247 2892 88
1279 2847 1478 2905 elegisse
1510 2847 1797 2893 Politiamcs:
