2034 3126
752 54 1095 101 PRAEFATIO
1625 55 1775 100 XXIX

74 197 411 245 manifestum.
455 196 648 245 duobus
665 197 786 245 locis
802 197 1036 259 spiritum
1054 195 1295 245 Graecum
1311 212 1411 259 quo
1428 196 1494 244 ad
1509 196 1731 246 litteram
1746 197 1778 244 lo

76 270 446 333 exprimendam
472 274 774 320 correctores
797 270 1105 320 Matritensis
1129 272 1209 320 usi
1232 273 1389 332 erant,
1412 265 1479 320 Β1
1502 271 1777 334 ignoravit:

72 341 250 395 clicone
284 344 312 393 I
338 346 385 405 2,
411 346 444 393 4
479 346 534 393 in
563 339 614 394 Μ
645 360 778 393 nunc
809 347 994 393 exstat:
1025 346 1220 394 telicone
1250 345 1517 407 scripserat
1547 340 1614 394 Β1
1645 345 1779 408 quod

73 412 190 470 B‘im
229 419 454 468 correxit.
522 419 575 467 H
607 421 656 480 4,
690 421 759 468 28
804 435 917 467 cum
955 412 1138 469 {amenti
1174 419 1378 467 minime
1417 420 1610 467 clarum
1650 422 1778 469 esset

72 494 122 541 in
163 488 236 556 Μ,
282 487 350 543 Βι
389 494 550 542 solum
589 493 739 542 finem
775 495 911 542 vocis
952 496 1008 542 -ti
1047 494 1269 556 scripsit,
1308 496 1471 542 cetera
1511 494 1778 542 correctori

72 560 190 618 ΒΕἱΙΙΙι
234 569 537 630 relinquens
605 568 848 631 plurimas
894 571 1064 617 autem
1103 568 1425 617 difficultates
1464 568 1671 617 librario
1711 563 1778 617 B1

72 642 358 705 praebuisse
390 642 591 691 videtur
622 642 971 706 compendium
1000 645 1164 692 minus
1188 644 1434 691 usitatum
1460 658 1556 705 quo
1583 642 1778 706 syllaba

73 720 116 766 et
146 732 245 765 non
275 732 390 765 raro
421 717 474 764 in
497 711 547 766 Μ
578 717 909 782 significatur:
949 717 1285 780 compluribus
1318 718 1450 765 enim
1479 717 1602 766 locis
1634 717 1687 764 in
1720 733 1778 764 ea

75 806 257 853 anceps
295 791 456 840 haesit
494 807 737 854 vocesque
777 792 892 840 illas
931 793 1012 841 vel
1050 795 1184 842 totas
1215 792 1296 841 vel
1328 807 1385 839 ex
1416 794 1559 854 parte
1593 791 1775 840 omisit.

71 881 242 914 omnes
287 865 422 915 locos
470 867 650 928 quibus
688 867 895 915 lacunas
934 859 1010 916 ΒΕ
999 869 1051 891 ¹¹¹¹
1091 867 1310 929 explevit
1348 881 1636 914 enumerare
1675 867 1777 914 fere

69 941 368 988 immensum
415 943 511 989 est:
557 956 719 1004 pauca
764 943 933 989 tamen
979 957 1253 1004 proponere
1302 958 1326 989 e
1374 957 1427 989 re
1467 940 1575 990 erit.
1646 940 1778 1025 quod

71 1013 145 1062 IV
179 1017 226 1077 2,
261 1015 328 1063 36
370 1015 424 1063 in
460 1009 511 1064 Μ
550 1017 696 1064 initio
727 1032 897 1065 versus
928 1016 1115 1081 legitur
1148 1017 1194 1063 T
1221 1015 1500 1076 triptolemi,
1539 1018 1653 1077 post
1683 1016 1776 1062 ini-

71 1089 243 1137 fialem
276 1089 323 1136 T
348 1089 474 1137 nihil
505 1090 607 1138 iam
639 1092 841 1153 scripsit
862 1085 951 1140 B¹:
982 1085 1046 1140 ΒΕ
1049 1092 1101 1115 ¹¹¹¹
1131 1106 1328 1139 versum
1361 1090 1569 1138 addidit.
1625 1091 1777 1138 etiam

70 1161 98 1211 Ι
130 1163 179 1224 3,
215 1165 281 1212 78
322 1165 374 1211 in
414 1179 535 1212 voce
574 1165 720 1226 lyce-is
760 1181 887 1228 quae
925 1165 1135 1227 reliquis
1169 1181 1364 1227 quoque
1398 1164 1617 1213 librariis
1650 1164 1778 1213 diffi-

73 1237 285 1287 cultates
309 1238 544 1302 praebuit
569 1235 654 1305 (cf.
672 1234 714 1290 G
737 1255 890 1302 supra
912 1257 960 1303 p.
977 1233 1165 1305 XXIV)
1190 1240 1352 1288 haesit
1367 1234 1456 1288 Blz
1480 1231 1598 1288 ΒΕῙΠ1
1621 1240 1779 1303 igitur

70 1327 264 1360 versum
304 1316 436 1362 recte
478 1314 709 1376 explevit.
772 1314 849 1363 III
882 1315 1069 1376 3,189
1103 1317 1218 1377 post
1240 1330 1300 1363 fre
1330 1314 1476 1362 finem
1507 1314 1629 1362 fecit
1659 1315 1777 1362 scri-

69 1385 231 1435 bendo
263 1382 343 1449 B¹,
384 1403 496 1436 cum
535 1389 669 1451 quod
706 1389 759 1436 in
796 1384 847 1438 Μ
879 1391 1044 1438 exstat
1073 1391 1288 1438 reventia
1318 1405 1418 1437 non
1450 1389 1776 1452 intellegeret.

70 1460 97 1508 Ι
130 1463 317 1520 2,157
360 1464 502 1513 αΛΫᾶ
546 1463 710 1526 quid
696 1481 750 1511 ln
780 1459 830 1513 Μ
863 1464 959 1512 sibi
990 1464 1165 1526 vellet,
1203 1463 1457 1512 nesciebat
1487 1457 1576 1512 B¹z
1616 1463 1779 1511 noluit

72 1535 372 1598 periclitari,
410 1553 528 1601 ergo
569 1539 740 1587 omisit
777 1554 964 1588 vocem.
1034 1538 1113 1587 ΠΙ
1152 1502 1200 1599 3,
1242 1541 1372 1588 210.
1410 1538 1463 1586 in
1502 1533 1551 1587 Μ
1590 1537 1780 1602 legitur

67 1611 215 1660 sit-iss.
284 1612 419 1674 quod
464 1627 578 1660 cum
617 1613 743 1662 nihil
782 1628 887 1662 esse
927 1613 1120 1662 videret
1157 1607 1240 1670 Bl,
1280 1613 1450 1662 omisit
1486 1628 1588 1661 non
1627 1627 1777 1662 ausus

67 1686 193 1734 situs
232 1687 493 1751 corrigere.
563 1688 716 1736 etiam
755 1687 827 1736 IV
862 1689 908 1750 6,
943 1690 1011 1737 83
1054 1688 1186 1750 quod
1225 1688 1277 1736 in
1308 1682 1358 1737 Μ
1398 1689 1561 1736 exstat
1597 1689 1776 1748 wanti,

70 1759 194 1808 adeo
225 1759 485 1810 librarium
515 1756 582 1810 B¹
613 1765 809 1824 terruit,
839 1765 896 1811 ut
927 1779 1100 1811 vocem
1131 1764 1406 1811 omitteret:
1436 1754 1553 1811 ΒΕ11ΠΕ
1581 1763 1778 1822 sayunti

71 1834 337 1897 supplevit.
358 1861 427 1869 —
445 1839 770 1886 correctorem
794 1830 912 1887 ΒΕῂῑιι
937 1837 1108 1886 eodem
1132 1837 1403 1901 exemplari
1427 1837 1558 1885 unde
1582 1831 1649 1886 Β1
1673 1838 1777 1884 tex-

71 1911 181 1957 tum
205 1910 604 1974 transcripserat,
627 1927 774 1961 usum
798 1927 903 1961 esse
926 1913 1250 1960 manifestum
1267 1914 1355 1961 est.
1394 1912 1592 1960 fluxisse
1610 1914 1778 1960 autem

73 1982 258 2032 librum
289 1978 332 2033 B
365 2000 423 2032 ex
453 1980 505 2035 Μ
536 1986 617 2035 vel
647 2002 706 2036 eo
738 1990 951 2050 apparet
983 1986 1116 2049 quod
1146 1987 1447 2051 ubicumque
1471 1980 1539 2035 Β1
1569 1986 1776 2035 lacunas

71 2058 327 2122 patefecit,
357 2059 411 2107 in
434 2054 484 2110 Μ
516 2060 690 2123 aliqua
719 2061 847 2111 latet
878 2061 1163 2111 difficultas.
1218 2078 1309 2124 pro
1339 2063 1473 2110 certo
1498 2076 1615 2109 vero
1641 2060 1776 2109 evin-

71 2133 203 2182 citur
227 2149 371 2183 versu
395 2133 448 2183 ΙΙ
467 2138 514 2196 1,
533 2136 601 2184 59
629 2136 713 2184 ubi
738 2137 949 2186 lectione
972 2136 1089 2185 libri
1113 2131 1162 2186 Μ
1180 2152 1352 2192 urm-a,
1378 2136 1507 2184 male
1519 2135 1778 2184 intellecta

70 2200 138 2257 Βι
168 2222 300 2255 wrna
331 2210 545 2272 scripsit,
576 2203 692 2260 ΒΜΕιι
723 2212 803 2259 ira
834 2210 1073 2260 restituit.
1129 2214 1244 2274 post
1275 2210 1494 2260 codicem
1518 2205 1558 2260 F
1591 2209 1776 2258 librum

70 2275 115 2332 Β
147 2297 206 2330 ex
237 2281 520 2332 Matritensi
551 2286 913 2349 transcriptum
944 2301 1048 2335 esse
1081 2301 1139 2335 eo
1171 2285 1536 2348 comprobatur,
1571 2285 1703 2348 quod
1734 2279 1776 2334 B

70 2371 171 2405 non
202 2356 365 2406 solum
399 2362 725 2409 correctorem
748 2353 823 2410 Μ2
844 2362 1077 2424 respexit,
1110 2360 1196 2409 sed
1218 2362 1552 2423 posteriorum
1577 2375 1777 2422 quoque

73 2430 137 2479 ad
170 2447 319 2479 unam
351 2432 454 2481 fere
485 2449 654 2484 omnes
686 2435 790 2484 sive
821 2438 1127 2485 correcturas
1157 2435 1261 2485 sive
1286 2438 1431 2485 notas
1456 2434 1673 2498 margini
1697 2434 1779 2483 vel

71 2505 204 2555 inter
233 2506 391 2555 lineas
423 2507 650 2571 adpictas
681 2509 734 2559 in
766 2511 1051 2559 contextum
1082 2510 1283 2573 recepit.

145 2580 249 2628 iam
287 2580 687 2646 Rehdigeranum
729 2578 823 2651 (R)
871 2600 970 2634 non
1008 2601 1066 2633 ex
1104 2586 1216 2647 ipso
1255 2584 1540 2634 Matritensi
1578 2583 1776 2633 fluxisse

72 2654 151 2703 vel
190 2656 386 2704 omissis
425 2672 515 2707 suo
555 2658 664 2707 loco
702 2658 804 2708 illis
843 2659 1068 2708 versibus
1106 2659 1158 2708 II
1194 2663 1240 2721 1,
1279 2661 1383 2709 207
1427 2685 1496 2693 -
1539 2658 1589 2707 II
1623 2661 1671 2719 2,
1705 2659 1773 2708 35

72 2730 197 2778 satis
236 2729 527 2794 abundeque
565 2736 719 2795 patet.
788 2750 903 2782 nam
944 2749 1057 2783 cum
1096 2735 1359 2799 sexaginta
1399 2735 1638 2796 quattuor
1668 2749 1776 2783 ver-

73 2817 157 2852 sus
187 2830 261 2839 —
292 2804 463 2854 addito
496 2822 671 2870 nempe
702 2807 852 2858 titulo
881 2808 1048 2858 Villae
1081 2808 1402 2858 Surrentinae
1436 2835 1506 2842 —
1539 2807 1774 2856 librarius

74 2879 322 2941 omiserit,
375 2884 585 2944 apparet
630 2898 742 2931 eum
790 2882 914 2932 duas
963 2884 1175 2947 paginas
1223 2882 1517 2946 exemplaris
1565 2882 1642 2932 sui
1689 2876 1774 2949 (ρ)
