2034 3126
730 32 1075 88 PRAEFATIO
1563 37 1756 82 XXXIII

45 184 150 240 SU:
180 189 359 250 quarta
389 179 439 234 M
608 185 678 233 10
708 183 934 232 Primum
965 178 1067 234 SU:
1097 184 1265 232 Primo
1296 178 1347 232 M
1505 182 1579 232 IV
1606 183 1655 244 3,
1682 182 1749 230 29

45 261 374 321 Sordebatque
404 262 527 308 {otas
557 252 660 308 8113
695 256 1019 319 Sorbebatque
1048 261 1184 307 rotas
1213 252 1265 307 M
1494 259 1560 306 91
1596 258 1757 317 Γαΐαν

44 332 149 389 8113
180 337 332 397 serpit
358 328 410 383 M
559 332 633 380 IV
659 333 707 393 4,
735 333 802 380 98
836 333 983 380 More
1013 327 1116 383 SU:
1146 332 1283 381 Mole
1314 326 1363 380 M
1510 330 1584 380 IV
1611 332 1658 393 5,
1687 332 1753 379 17

47 413 212 461 levant
240 403 342 460 8113
373 410 547 458 lavant
567 401 619 456 M
651 400 893 475 (genuina
923 407 1075 457 lectio
1108 409 1184 456 est
1216 398 1407 472 baloent)
1541 407 1610 455 30
1643 406 1756 466 Iep-

45 489 110 535 tis
148 479 252 535 8113
282 484 452 544 Leptis
481 477 533 532 M
671 482 739 530 33
773 482 956 530 cumuli
988 475 1091 532 SU:
1121 482 1300 530 romuli
1330 474 1382 530 M
1509 479 1583 529 IV
1609 482 1659 544 4,
1686 482 1754 528 47

47 561 265 609 thelemes
296 552 399 608 8113
430 557 654 605 melcines
683 550 735 604 M
911 557 977 605 51
1014 556 1261 605 adunsata
1294 548 1397 604 8113
1429 555 1677 604 admisata
1707 548 1757 602 M

45 629 163 702 (pro
209 633 424 698 genuino
471 623 744 697 admirata)
969 630 1042 685 IV
1071 632 1117 691 7,
1144 631 1212 678 23
1261 630 1469 678 Rhector
1517 623 1594 696 (in
1634 624 1667 678 S
1708 628 1757 676 R

45 702 179 774 exp.)
210 701 314 757 8113
344 707 521 755 Rector
542 699 592 755 M
702 705 769 753 55
804 706 987 754 troiani
1011 700 1113 755 SU:
1146 706 1318 759 timavi
1348 698 1399 753 M
1511 703 1584 751 IV
1611 704 1659 765 8,
1687 704 1752 751 21

36 785 182 846 pedis
212 776 316 832 SU:
345 782 507 843 prolis
546 773 656 847 (sed
693 778 770 827 ita
809 782 867 827 ut
902 794 929 828 o
962 783 1011 828 et
1043 780 1060 827 l
1090 780 1192 828 fere
1225 772 1524 846 coaluerint)
1558 772 1608 827 M

45 857 120 907 IV
146 860 195 919 9,
223 858 287 905 17
322 856 391 904 Ee
423 849 526 905 SU:
563 855 628 903 Te
657 849 708 903 M
861 855 930 903 43
955 856 1162 916 patulas
1195 847 1297 904 8113
1321 855 1529 914 patinas
1559 847 1610 902 M

46 932 94 978 V
122 934 169 992 1,
195 932 265 981 50
295 929 403 980 Aut
429 931 639 978 nimium
670 922 773 978 8113
805 925 1117 978 Autumnum
1147 924 1197 978 M
1404 929 1474 977 64
1506 927 1622 976 Non
1653 920 1758 975 8113

45 1006 150 1056 Nec
179 1001 229 1055 M
431 1006 535 1053 118
568 1004 785 1052 Iutumet
817 998 920 1053 SU:
952 1005 1200 1052 Iutwmuz't
1228 998 1278 1052 M
1479 1003 1583 1051 152
1617 1001 1757 1050 modo

44 1076 149 1132 8113
180 1081 311 1129 malo
341 1074 391 1129 M
598 1079 703 1128 205
739 1081 893 1139 erepte
924 1073 1027 1128 8113
1058 1081 1261 1134 ‘rectessss
1291 1071 1342 1126 M
1537 1076 1585 1123 V
1614 1078 1661 1138 2,
1687 1077 1753 1125 59

44 1155 204 1206 Auris
234 1148 338 1205 8113
366 1152 593 1202 Auribus
622 1148 674 1203 M
792 1155 895 1202 116
929 1155 1197 1202 minantem
1228 1147 1330 1202 SU:
1363 1154 1603 1201 minacem
1633 1145 1684 1199 M

50 1231 155 1280 149
190 1230 378 1279 theatra
409 1222 511 1278 SU:
544 1228 743 1277 thoraca
774 1221 827 1295 (h
860 1243 1012 1291 supra
1043 1228 1228 1277 lineam
1260 1227 1398 1289 add,
1430 1242 1455 1276 c
1477 1247 1536 1266 ω
1560 1220 1600 1294 t)
1634 1220 1684 1275 M

51 1306 155 1355 152
188 1305 309 1366 felix
338 1297 442 1353 8113
473 1303 631 1363 fidens
663 1298 713 1352 M
884 1303 931 1350 V
958 1305 1005 1365 3,
1032 1304 1064 1351 4
1099 1303 1364 1365 echydnam
1395 1296 1498 1352 SU:
1531 1301 1759 1363 cyrrham

47 1374 160 1444 (sed
187 1394 278 1442 yrr
307 1394 491 1442 parum
522 1371 763 1444 dilucide)
796 1372 845 1427 M
1015 1379 1082 1427 29
1117 1381 1274 1438 totque
1305 1371 1408 1426 SU:
1440 1380 1603 1436 terque
1633 1370 1684 1425 M

48 1456 119 1504 85
152 1456 318 1502 minus
348 1446 451 1503 8113
480 1453 631 1501 nimis
661 1447 711 1501 M
904 1454 1007 1501 172
1043 1455 1210 1514 operta
1240 1446 1343 1502 SU:
1375 1466 1529 1514 opaca
1560 1446 1610 1500 M

49 1530 156 1578 229
190 1543 288 1589 qua
320 1521 423 1578 8113
454 1526 583 1588 quod
605 1521 655 1576 M
770 1526 815 1574 V
833 1528 883 1589 4,
902 1528 934 1574 4
967 1528 1192 1576 carmina
1215 1521 1318 1576 SU:
1352 1527 1611 1575 cacumina
1634 1519 1684 1574 M

51 1607 116 1654 11
160 1604 296 1652 malo
328 1596 431 1652 8113
469 1601 603 1651 mille
631 1595 682 1651 M
906 1601 955 1648 V
980 1605 1027 1663 5,
1062 1603 1130 1651 36
1173 1602 1400 1663 tedasque
1432 1595 1533 1651 SU:
1573 1600 1760 1649 thebas-

48 1693 142 1740 que
171 1672 221 1728 M
437 1678 505 1726 59
537 1676 712 1737 infelix
743 1670 846 1726 8113
876 1676 998 1738 felda·
1028 1670 1091 1726 M.
1154 1677 1243 1725 hos
1274 1677 1408 1725 locos
1441 1692 1499 1724 ex
1531 1674 1759 1724 omnibus

47 1754 151 1803 fere
199 1751 502 1802 carminibus
542 1751 684 1817 elegi.
748 1750 875 1799 addo
914 1751 1183 1800 nonnullos
1223 1751 1402 1814 quibus
1442 1749 1760 1815 neglegentia

48 1826 295 1892 quaedam
326 1825 521 1875 librarii
545 1827 699 1875 etiam
723 1826 884 1890 magis
911 1828 1174 1890 appareat;
1206 1825 1449 1876 vocabula
1475 1824 1605 1873 enim
1633 1839 1759 1886 quae

48 1902 264 1953 similem
296 1917 494 1951 sensum
526 1900 815 1949 exhiberent
844 1900 931 1949 ille
965 1900 1244 1964 substituit,
1282 1900 1418 1950 velut
1448 1899 1474 1948 Ι
1501 1902 1549 1961 2,
1576 1900 1642 1948 52
1677 1900 1760 1947 via

46 1978 205 2027 lactea
244 1974 395 2026 scribi
433 1975 636 2037 maluit,
676 1991 829 2039 quam
851 1975 1009 2038 playa
1041 1977 1206 2026 lactea.
1269 1975 1391 2025 item
1422 1974 1496 2022 IV
1524 1979 1570 2035 1,
1600 1976 1665 2022 17
1701 1973 1760 2022 de

46 2067 139 2103 suo
187 2050 345 2100 edidit
386 2054 556 2100 sancta
586 2064 775 2112 parens
813 2051 987 2099 mundi
1025 2066 1115 2114 pro
1154 2066 1330 2113 meque
1360 2063 1548 2111 parens
1586 2048 1761 2097 mwndz'

48 2120 253 2196 (nempe
291 2125 637 2174 Domitianum
678 2125 802 2174 dicit
838 2118 1013 2191 poeta)
1054 2142 1144 2175 nec
1183 2142 1282 2174 non
1322 2125 1394 2173 IV
1421 2126 1469 2187 2,
1496 2125 1560 2172 61
1606 2125 1760 2172 larem

50 2217 142 2266 pro
181 2201 328 2263 Iano,
366 2200 440 2249 IV
464 2202 514 2262 3,
539 2200 610 2250 50
648 2203 831 2249 montes
867 2216 956 2264 pro
988 2201 1296 2262 nemoribus,
1336 2199 1382 2246 V
1410 2202 1457 2260 2,
1486 2200 1588 2248 109
1623 2213 1760 2247 senes

48 2291 141 2340 pro
172 2276 400 2338 patribus
433 2275 631 2338 aliaque
662 2275 755 2325 hoc
783 2290 951 2340 genus.
1000 2274 1086 2324 sed
1109 2277 1368 2323 mittamus
1393 2275 1517 2324 istas
1541 2274 1758 2336 ineptias

50 2350 271 2400 miseruli
310 2349 527 2399 librarii:
566 2366 710 2399 nemo
742 2349 920 2413 opinor
950 2349 1142 2399 codices
1175 2345 1209 2400 S
1242 2352 1293 2398 et
1323 2343 1367 2398 U
1400 2348 1648 2398 artissime
1681 2362 1758 2396 co-

50 2425 253 2475 haerere
277 2424 496 2490 negabit.
542 2441 598 2475 ex
623 2441 722 2474 uno
747 2424 1015 2488 eodemque
1042 2425 1207 2475 codice
1225 2418 1313 2493 (σ)
1332 2439 1414 2473 eos
1430 2422 1758 2485 transcriptos

48 2515 156 2550 esse
181 2498 534 2549 contenderim.
578 2499 679 2550 iam
704 2515 786 2549 eos
811 2500 874 2548 ad
900 2515 1210 2549 communem
1227 2499 1534 2563 reliquorum
1554 2498 1761 2558 fontem,

50 2573 117 2624 ad
155 2573 502 2624 Matritensem
551 2576 807 2635 nimirum,
853 2574 1016 2624 redire
1056 2573 1495 2624 demonstrandum
1537 2574 1625 2620 est.
1688 2571 1759 2620 nil

49 2656 228 2699 contra
264 2649 393 2699 hanc
428 2650 729 2699 sententiam
759 2651 921 2699 facere
954 2651 1006 2698 in
1037 2649 1304 2713 propatulo
1338 2652 1434 2710 est3
1475 2647 1625 2696 immo
1658 2661 1758 2696 cer-

0 2743 2 2751 ’
50 2724 243 2773 tissime
283 2724 532 2773 evincitur
569 2739 678 2773 eam
713 2740 883 2774 veram
916 2739 1019 2774 esse
1051 2726 1122 2774 eis
1154 2724 1275 2774 locis
1309 2723 1489 2786 quibus
1520 2721 1759 2771 lectiones

50 2797 293 2847 librorum
333 2794 367 2849 S
408 2803 458 2848 et
493 2793 536 2848 U
568 2814 626 2848 ex
658 2798 967 2848 Matritensis
1000 2799 1185 2848 litteris
1217 2799 1348 2847 male
1379 2795 1646 2846 intellectis
1680 2812 1762 2845 ex-

52 2872 317 2935 plicantur.
366 2875 508 2923 cuius
533 2873 602 2922 rei
628 2872 748 2923 baec
773 2876 824 2923 in
850 2876 1084 2938 promptu
1109 2876 1223 2924 sunt
1241 2871 1489 2936 exempla:
1514 2870 1565 2918 11
1587 2874 1631 2932 1,
1655 2873 1757 2920 175

142 2963 266 2997 svart
291 2964 454 2998 Sinus.
496 2965 634 2998 1:111.
1381 3001 1385 3008 ,
1467 2970 1491 3000 c
