2034 3126
618 86 622 91 .
679 25 991 71 summum
1019 25 1069 70 L.
1093 24 1174 82 m,
1198 29 1224 69 a
1728 25 1799 80 89

98 168 428 234 mutavitque
466 182 634 234 genus
674 165 956 232 laevaeque
994 162 1233 232 ignobile
1271 163 1470 215 ferrum

7 251 12 254 ’
101 243 247 293 exuit
285 243 338 292 et
376 239 515 292 celso
554 242 804 291 natorum
843 241 1089 307 aequavit
1126 237 1397 291 honorem.
1716 251 1800 291 145

4 324 19 365 t
100 315 283 367 dextra
319 314 402 366 bis
442 316 647 366 octonis
687 312 957 365 fluxerunt
996 314 1205 365 saecula
1242 314 1449 380 lustris,

4 373 24 429 ¹
99 392 256 458 atque
296 391 411 441 aevi
451 391 563 440 sine
600 387 743 440 nube
781 391 949 440 tenor.
1012 405 1172 456 quam
1209 387 1353 440 dives
1392 391 1451 439 in
1489 406 1617 440 usus

95 467 344 516 natorum
381 466 602 531 totoque
639 463 823 515 volens
865 462 1107 515 excedere
1147 480 1328 530 censu,

96 541 247 591 testis
288 538 458 590 adhuc
489 538 627 606 largi
664 539 811 594 nitor
847 537 971 589 inde
1010 537 1259 589 adsuetus
1298 536 1536 605 Etrusci,

96 616 181 665 cui
220 616 314 664 tua
348 630 461 665 non
498 612 716 664 humilis
758 611 902 664 dedit
938 612 1275 681 indulgentia
1311 630 1501 665 mores,
1715 625 1800 665 150

93 687 236 739 hunc
276 687 537 756 siquidem
576 687 822 755 amplexu
863 704 1069 755 semper
1107 690 1386 740 revocante
1424 687 1640 739 tenebas

94 762 323 814 blandus
366 764 419 814 et
455 764 679 830 imperio
718 779 1011 830 numquam
1049 764 1222 830 pater;
1260 762 1420 814 huius
1460 762 1654 815 honori

92 840 314 906 pronior
350 840 465 906 ipse
504 839 664 888 etiam
702 836 968 905 gaudebat
1008 836 1186 888 cedere
1224 837 1400 889 frater.

94 929 223 981 quas
264 911 365 964 tibi
404 911 580 964 devoti
617 914 833 964 iuvenes
873 929 971 980 pro
1011 914 1161 980 patre
1200 914 1406 980 renato,

27 1007 29 1012 ·
94 1005 295 1039 summe
328 986 534 1054 ducum,
566 989 758 1055 grates,
791 989 884 1038 aut
915 1003 1048 1055 quae
1078 990 1170 1055 pia
1199 989 1325 1039 vota
1354 986 1673 1055 rependunt!
1715 998 1799 1040 155

22 2748 26 2846 ἱ

19 2647 51 2693 2
61 2670 65 2674 .

92 1064 152 1113 tu
185 1092 256 1098 —
290 1080 381 1114 seu
420 1061 572 1113 tarda
610 1064 717 1113 situ
755 1061 1017 1130 rebusque
1058 1061 1314 1114 exhausta
1353 1064 1592 1115 senectus

92 1140 286 1188 erravit
326 1154 417 1189 seu
455 1135 652 1188 blanda
690 1135 781 1188 diu
820 1135 1060 1188 Fortuna
1097 1154 1396 1206 regressum

90 1212 284 1263 maluit
315 1242 386 1248 -—
419 1214 708 1263 attonitum
748 1214 800 1263 et
837 1214 1048 1264 venturi
1087 1211 1328 1264 fulminis
1367 1214 1505 1264 ictus

89 1286 393 1338 horrentem
430 1289 636 1338 tonitru
674 1289 886 1339 tantum
924 1287 1138 1355 lenique
1175 1287 1411 1356 procella

90 1364 370 1414 contentus
409 1364 679 1413 monuisse
720 1379 919 1429 senem3
959 1379 1183 1431 cumque
1221 1361 1438 1414 horrida
1477 1380 1639 1432 supra
1713 1375 1798 1415 160

89 1453 320 1505 aequora
357 1454 602 1488 curarum
641 1439 814 1488 socius
854 1437 1042 1506 procul
1079 1435 1218 1488 Itala
1254 1455 1380 1489 rura

89 1511 376 1579 linqueret,
415 1511 503 1563 hic
539 1512 727 1563 molles
768 1508 1027 1580 Campani
1064 1512 1238 1564 litoris
1280 1529 1398 1565 oras

88 1588 142 1638 et
178 1585 493 1639 Diomedeas
534 1586 814 1639 concedere
851 1590 1028 1639 iussus
1067 1589 1127 1639 in
1165 1605 1307 1639 arces

88 1663 246 1730 atque
284 1661 501 1731 hospes,
538 1679 651 1714 non
690 1662 833 1729 exul,
874 1664 999 1714 erat.
1059 1680 1157 1714 nec
1195 1663 1360 1731 longa
1397 1664 1635 1715 moratus

87 1734 408 1789 Romuleum
447 1754 644 1789 reseras
683 1739 899 1805 iterum,
941 1735 1271 1805 Germanice,
1310 1738 1477 1790 limen
1713 1750 1797 1791 165

6 1838 8 1843 =
84 1814 509 1881 maerentemque
547 1812 693 1864 foves
732 1813 1123 1880 inclinatosque
1161 1814 1378 1881 penates

6 1899 8 1902 ·
87 1888 262 1955 erigis,
324 1886 467 1938 haud
504 1890 721 1955 mirum,
761 1886 949 1939 ductor
986 1886 1365 1956 placidissime,
1407 1886 1619 1957 quando

86 1960 214 2013 haec
254 1964 334 2013 est
373 1979 507 2030 quae
545 1964 698 2014 victis
739 1964 1011 2030 parcentia
1048 1962 1261 2015 foedera
1299 1960 1468 2015 Cattis

86 2052 324 2105 quaeque
365 2055 520 2088 suum
559 2035 717 2089 Dacis
758 2036 922 2089 donat
960 2038 1240 2090 clementia
1276 2040 1536 2106 montem,

86 2128 220 2180 quae
250 2110 409 2163 modo
433 2110 799 2164 Marcomanos
832 2114 957 2181 post
986 2111 1203 2164 horrida
1232 2112 1373 2165 bella
1400 2130 1670 2183 vagosque
1711 2126 1796 2168 170

87 2183 427 2239 Sauromatas
468 2185 622 2239 Latio
659 2204 772 2240 non
811 2189 891 2239 est
929 2186 1150 2256 dignata
1187 2187 1476 2257 triumpho,

40 2294 119 2387 d
148 2263 407 2388 fiiar-nque
445 2263 504 2314 in
542 2261 647 2314 fine
687 2261 796 2314 dies
837 2264 890 2314 et
926 2262 1254 2315 inexorabile
1292 2281 1518 2332 pensum

43 2338 274 2479 ¹;q?1a(lzilg·
300 2336 423 2463 nge
439 2339 649 2464 81:232}
685 2336 1494 2483 Ξὲἓῖῖεῖίεῖῐρὲἓᾞέωῃῖῗὲε

17 2498 20 2503 ·
82 2501 181 2538 nec
218 2485 315 2538 fati
354 2488 461 2538 iam
501 2489 672 2539 certus
714 2487 831 2540 olor
870 2490 1116 2558 saevique
1155 2490 1347 2540 marita
1710 2501 1793 2542 175

82 2557 290 2614 Tereos.
353 2560 455 2648 beu
496 2564 709 2631 quantis
750 2562 1038 2615 lassantem
1075 2562 1292 2615 brachia
1329 2562 1435 2615 vidi

203 2699 274 2735 145
306 2690 432 2736 celso
465 2717 520 2725 —
554 2690 775 2738 honorem
808 2693 1071 2740 Krolmius.
1105 2693 1229 2739 celso
1262 2721 1318 2728 —
1350 2694 1546 2739 honore.
1581 2693 1704 2740 celse
1737 2720 1793 2729 —

82 2747 270 2796 honori:
304 2751 562 2797 Salmasius
651 2761 724 2797 1⁴⁸
747 2753 923 2798 ottonis
1014 2761 1086 2798 155
1109 2753 1396 2812 rependunt:
1420 2754 1684 2812 rependant
1707 2770 1734 2806 ς

81 2817 155 2855 1⁸⁷
187 2810 361 2856 erravit
392 2826 435 2856 e:
470 2811 647 2857 errabit
735 2821 808 2858 108
837 2812 976 2859 victis
999 2813 1087 2859 1¹.
1120 2814 1271 2859 victus
1363 2822 1435 2859 174
1467 2814 1791 2861 moderantur:

40 2869 391 2916 'modulantur
420 2872 659 2918 Bentleius
