2034 3126
254 152 442 201 LXVIII
930 154 1273 199 PRAEFATIO

249 294 560 346 Politianum
603 312 796 358 semper
836 295 1006 344 eadem
1044 298 1312 358 praecepta
1350 296 1447 344 sibi
1484 299 1799 360 proposuisse
1840 315 1954 348 con-

252 373 415 421 clusit.
465 371 597 433 quod
630 386 779 434 quam
810 371 993 418 falsum
1025 372 1168 429 esset,
1200 370 1306 432 ipse
1338 372 1538 433 poterat
1569 388 1862 436 cognoscere
1894 391 1952 422 ex

254 446 475 495 eiusdem
521 446 786 494 collatione
835 444 898 491 ad
938 442 1177 493 Catonem
1214 444 1590 507 Varronemque
1637 441 1824 514 facta1)
1872 451 1952 497 cui

251 520 545 583 subscripsit
574 520 716 567 haec:
753 519 946 568 Contuli
978 532 1060 579 eqo
1091 515 1219 580 Any.
1237 518 1514 568 Politianus
1549 520 1748 570 Catonis
1777 522 1862 571 hos
1894 538 1954 572 ae

261 596 503 645 Varronis
532 608 697 642 rerum
727 595 1026 642 rusticarum
1056 593 1263 641 libellos:
1293 608 1402 642 cum
1425 597 1746 644 vetustissimo
1771 598 1953 646 codice:

254 685 311 718 ex
341 670 463 718 Divi
494 670 684 725 Marci,
722 668 1015 716 Florentina
1055 667 1361 716 bibliotheca:
1397 670 1468 716 sic
1497 672 1553 716 ut
1581 684 1642 717 ne
1673 685 1729 719 ea
1762 672 1954 732 quidem

249 759 350 793 non
389 744 678 792 ascriberem
718 744 762 791 'si
793 757 890 803 qua
922 742 1267 802 depravatiora
1280 734 1321 809 2)
1353 743 1647 792 viderentur.
1708 745 1796 793 hoc
1827 747 1954 794 enim

249 814 391 867 nobis
425 817 715 866 emendandi
744 831 891 865 novos
923 816 1106 864 codices
1136 819 1411 865 institutum
1432 818 1646 877 placuit:
1684 820 1866 879 nequid
1897 836 1953 869 ex

249 897 412 941 nostro
438 896 608 940 temere
632 893 945 953 adiceremus‚
972 906 1068 939 neu
1094 891 1212 951 quid
1234 892 1571 948 omitteremus,
1596 895 1724 953 quod
1745 896 1799 942 in
1823 893 1951 943 anti-

250 968 501 1028 quioribus
554 967 911 1027 exemplaribus
963 966 1329 1014 invenissemus,
1409 966 1592 1027 Quodsi
1636 968 1723 1016 hoc
1759 970 1954 1029 priores

250 1037 450 1090 librarii
493 1043 766 1089 institutum
803 1041 1117 1101 probassent,
1164 1055 1262 1088 non
1300 1044 1490 1089 tantwm
1519 1043 1738 1102 profecto
1776 1046 1955 1104 neqotii

250 1116 528 1177 laborisque
563 1117 775 1176 posteris
820 1116 1140 1176 reliquissent.
1202 1114 1367 1163 Sicubi
1410 1129 1520 1177 erqo
1557 1120 1778 1165 nostrum
1817 1118 1954 1167 adhi-

250 1192 446 1240 bwimus
490 1190 752 1246 iudiciwm,
798 1190 978 1238 relictis
1018 1188 1180 1238 tamen
1219 1191 1450 1250 antiquae
1487 1187 1704 1239 lectionis
1741 1194 1955 1252 vesti-qiis

251 1262 526 1326 aliquibus:
563 1279 709 1312 suum
747 1266 918 1324 cuique
948 1264 1154 1312 liberum
1183 1264 1481 1325 reliquimus.
1555 1265 1675 1314 Vale
1706 1266 1873 1315 lector:
1913 1271 1957 1316 et

250 1355 410 1389 meum
439 1341 569 1387 hunc
599 1340 812 1387 laborem
835 1338 970 1386 Boni
997 1337 1219 1387 Consule.
1274 1338 1557 1388 Florentiae
1588 1340 1655 1388 In
1680 1340 1782 1389 divi
1804 1341 1954 1390 Pauli

248 1418 354 1476 ipso
402 1414 831 1463 bacchanaliorum
876 1414 986 1461 Die.
1027 1411 1565 1462 MGG'CGLXXXII:
1608 1414 1757 1463 Anno
1804 1418 1955 1465 altero
2031 1476 2034 1477 ⁷

250 1491 429 1538 scilicet
464 1492 659 1537 nostrae
687 1489 917 1548 publicae
954 1489 1270 1549 professionis
1306 1491 1386 1537 etc.
1448 1489 1549 1536 iam
1580 1489 1742 1551 primo
1775 1490 1953 1539 obtutu

251 1565 481 1626 apparet,
537 1579 634 1625 quo
689 1564 757 1612 sit
802 1562 1092 1612 collocanda
1140 1561 1389 1610 Silvarum
1436 1563 1652 1612 collatio.
1729 1566 1952 1627 proxime

252 1655 423 1687 earum
447 1637 823 1700 subscriptionis
847 1637 999 1686 verba
1022 1636 1204 1685 absunt
1229 1653 1258 1685 a
1281 1636 1643 1700 subscriptione
1661 1637 1953 1689 Catoniana.

249 1729 377 1776 quae
402 1712 688 1760 coniectura
712 1728 768 1760 eo
795 1712 990 1776 egregie
1022 1711 1250 1759 firmatur
1273 1711 1406 1773 quod
1431 1727 1559 1760 anno
1585 1707 1727 1761 '1481
1755 1713 1954 1776 publice

245 1789 607 1850 inteipretatus
655 1789 731 1835 est
768 1786 1047 1835 Politianus
1089 1785 1220 1834 Stati
1261 1785 1423 1835 Silvas
1465 1789 1515 1834 et
1552 1788 1751 1836 vivente
1792 1788 1953 1838 adhuc

246 1862 472 1911 Domitio
519 1888 592 1894 ——
640 1861 726 1924 qui
772 1862 897 1910 obiit
943 1877 987 1909 a.
1031 1863 1172 1910 1478
1224 1887 1292 1894 -
1339 1861 1647 1925 marginibus
1695 1862 1953 1913 domestici

246 1936 432 1985 codicis
467 1936 815 1984 adnotationes
847 1951 898 1984 se
930 1935 1251 1998 adscripsisse
1282 1936 1499 1984 testatur
1531 1937 1672 1998 epist.
1691 1936 1763 1984 VI
1791 1941 1836 1999 1,
1868 1937 1954 1985 ubi

250 2011 475 2059 Vollmer
520 2026 608 2059 suo
655 2013 762 2058 iure
809 2009 1060 2059 concludit
1105 2012 1270 2072 ipsum
1313 2010 1565 2073 exemplar
1605 2009 1951 2060 Corsinianum

247 2084 535 2150 significari.

325 2175 518 2208 summa
563 2159 721 2222 igitur
760 2158 1017 2207 adfinitate
1058 2175 1266 2208 conexos
1306 2175 1409 2208 esse
1448 2159 1600 2209 libros
1640 2159 1952 2226 Poggianum

250 2237 301 2283 et
335 2235 678 2282 Matritensem
717 2250 775 2281 ex
812 2234 890 2282 his
928 2233 1115 2282 tabulis
1154 2234 1370 2282 dilucide
1408 2234 1720 2298 perspicitur.
1782 2235 1954 2284 licebit

251 2325 369 2372 ergo
396 2311 548 2357 etiam
573 2310 642 2357 eis
666 2309 788 2357 locis
813 2325 870 2356 ex
895 2307 1217 2357 adnotatione
1241 2308 1482 2356 Politiani
1496 2307 1742 2372 Poggiani
1768 2309 1950 2359 codicis

244 2384 517 2432 ,lectionem
548 2383 831 2432 coniectura
857 2383 1089 2446 indagari
1114 2383 1292 2445 quibus
1316 2378 1363 2433 A
1388 2385 1438 2431 et
1460 2378 1511 2433 Μ
1534 2399 1635 2432 non
1659 2387 1950 2448 congruunt.

249 2458 426 2520 paucis
457 2457 692 2520 exemplis
724 2474 829 2506 rem
858 2457 1094 2506 inlustro:
1126 2457 1152 2504 I
1178 2461 1223 2520 1,
1251 2460 1320 2506 10
1351 2459 1439 2506 ida
1468 2458 1654 2521 legitur
1683 2459 1736 2505 in
1768 2468 1831 2508 ac
1862 2474 1951 2521 per

248 2549 302 2581 se
334 2532 560 2595 probum,
590 2534 759 2580 tamen
783 2531 1062 2580 Politianus
1094 2533 1172 2580 ide
1204 2534 1429 2595 correxit,
1461 2532 1590 2580 unde
1619 2533 1670 2580 in
1694 2532 1950 2596 Poggiano

251 2607 332 2656 vel
370 2607 462 2655 hoc
501 2607 582 2654 vel
617 2607 729 2655 iden
761 2607 913 2655 fuisse
947 2608 1182 2669 conicias,
1224 2623 1349 2668 quae
1383 2610 1458 2655 est
1488 2607 1636 2655 lectio
1670 2607 1852 2656 codicis
1884 2602 1948 2656 M.

249 2681 487 2729 similiter
522 2680 800 2729 Politianus
839 2681 917 2730 ΠΙ
944 2682 990 2745 5,
1018 2684 1083 2729 21
1126 2683 1179 2728 in
1219 2681 1537 2730 emendandis
1575 2683 1750 2743 poetae
1789 2681 1951 2730 verbis

330 2810 373 2864 1)
405 2807 463 2852 cf.
503 2807 564 2852 M.
602 2807 737 2852 Porci
783 2807 974 2853 Catonis
1022 2808 1080 2852 de
1128 2807 1418 2865 agricultura
1463 2807 1594 2852 liber.
1666 2807 1726 2851 M.
1761 2807 1950 2853 Terenti

250 2867 474 2911 Varronis
505 2880 659 2911 rerum
690 2868 971 2912 rusticarum
1001 2867 1113 2911 libri
1143 2870 1238 2912 tres
1270 2881 1326 2911 ex
1357 2881 1447 2912 rec.
1466 2867 1524 2912 H.
1541 2866 1648 2911 Keil
1678 2867 1766 2912 vol.
1785 2867 1816 2911 I.
1836 2867 1947 2924 p.V.
2032 2865 2034 2878 '

328 2929 371 2983 2)
404 2941 497 2970 non
521 2929 666 2983 negat
680 2926 942 2971 Politianus
965 2926 1227 2971 leviuscula
1251 2927 1422 2972 menda
1446 2941 1495 2971 se
1518 2926 1663 2971 tacite
1681 2928 1948 2982 correxisse,

252 2986 303 3029 id
335 2987 461 3042 quod
494 3000 635 3043 supra
667 2987 725 3030 de
757 2986 878 3031 Stati
911 2986 1159 3031 collatione
1192 2986 1455 3031 statuimus.

2019 2690 2034 2962 ÷

2010 2893 2027 2951 ,ιε’
