2034 3126
228 101 354 144 XXX
909 94 1250 143 PRAEFATIO

225 240 474 288 transisse.
537 241 630 288 hoc
670 241 824 305 igitur
861 239 1075 287 tricenos
1114 238 1257 286 binos
1293 238 1395 284 fere
1425 238 1478 284 in
1511 253 1708 299 quoque
1739 239 1925 302 pagina

228 314 487 364 continuit.
544 331 850 376 quamquam
882 314 1002 376 quin
1031 329 1121 374 per
1152 313 1347 373 aliquot
1378 311 1561 374 gradus
1587 328 1616 359 a
1640 311 1921 360 Matritensi

225 389 533 438 descenderit
555 384 604 438 R
635 389 839 436 dubium
872 403 975 436 esse
1008 403 1106 435 non
1137 388 1316 449 potest.
1371 402 1489 433 nam
1510 386 1629 433 licet
1652 386 1801 433 multi
1822 387 1920 434 loci

223 479 401 524 parum
433 465 729 512 conveniant
761 463 890 511 inter
920 457 968 510 R
999 463 1050 509 et
1078 456 1151 522 M,
1181 462 1351 509 tamen
1381 459 1467 507 ubi
1497 461 1550 506 in
1579 454 1630 507 M
1663 459 1780 507 ordo
1813 477 1917 507 mu-

222 538 360 585 tatus
400 539 508 585 erat
544 537 862 601 neglegentia
899 536 1117 596 librarii,
1155 535 1197 584 is
1239 536 1324 596 qui
1356 533 1572 583 codicem
1602 529 1650 583 R
1682 535 1919 596 exaravit,

221 611 297 660 bis
336 612 574 674 peccavit.
637 612 894 660 turbatum
934 609 1193 672 archetypi
1231 609 1455 657 ordinem
1487 608 1712 656 indicant
1742 626 1787 658 v.
1812 608 1838 655 I
1871 612 1918 669 1,

223 687 290 733 37
304 701 399 748 sq.,
433 686 518 746 qui
548 686 600 732 in
632 680 680 734 R
712 688 780 733 sic
810 686 1066 749 leguntur:

404 759 595 808 Dextra
626 763 752 808 vetat
773 774 966 820 paynes
997 760 1183 807 {avium
1213 758 1412 805 tritonia
1441 757 1582 817 vulco

415 834 490 882 Va
519 836 729 882 stimulis
759 836 974 882 accendit
1006 838 1128 893 equi-t
1160 835 1303 880 vacat

403 908 520 956 Non
538 912 709 968 yrevat
731 910 776 956 c&
798 912 918 967 sec-te
936 907 1178 968 pretendit
1199 907 1322 955 colla
1344 906 1538 964 medus-e
1573 956 1598 979 u

407 981 507 1031 Cen
537 983 746 1031 stimulis
778 983 995 1031 accendit
1025 987 1150 1042 equa]
1177 997 1264 1031 nec
1294 981 1480 1028 dulcior
1510 994 1602 1041 usq
1635 983 1714 1028 etc.

216 1056 348 1104 unde
380 1056 569 1105 conicio
600 1055 654 1104 in
687 1071 722 1124 ρ
754 1057 824 1106 sic
857 1073 938 1106 eos
970 1057 1122 1105 fuisse
1155 1057 1387 1117 scriptos:

401 1131 593 1180 Dextra
622 1134 751 1180 vetat
770 1146 964 1193 pugnes
993 1132 1180 1180 laviwm
1210 1131 1408 1178 tritonia
1447 1130 1586 1191 vnlyo

300 1205 375 1253 Va
410 1205 508 1254 Ceu
538 1207 748 1254 stimulis
782 1207 997 1254 accendit
1027 1220 1200 1266 eqimin
1231 1207 1309 1253 cat

399 1280 515 1327 Non
541 1283 722 1340 yravat
751 1285 794 1328 et
821 1284 976 1329 sectae
997 1281 1278 1342 praetendit
1307 1278 1430 1326 colla
1459 1279 1687 1326 medusae

404 1353 503 1402 Cen
531 1356 743 1403 stimulis
773 1355 991 1404 accendit
1020 1369 1194 1416 equwm
1223 1368 1309 1402 nec
1340 1353 1527 1401 dulcior
1556 1368 1766 1413 nsquam

213 1443 252 1475 e.
288 1444 333 1490 q.
368 1444 404 1477 s.
480 1428 655 1477 deinde
699 1429 780 1477 111
821 1433 867 1492 1,
909 1430 1216 1477 172—174
1262 1429 1356 1477 hoc
1403 1428 1572 1475 ordine
1621 1427 1819 1475 exhibet
1864 1422 1913 1476 R

216 1503 336 1550 174.
373 1505 494 1551 172.
530 1505 658 1565 173,
695 1503 866 1552 eodem
898 1520 996 1567 quo
1029 1503 1090 1551 ab
1122 1503 1267 1552 initio
1298 1503 1532 1551 librarius
1563 1496 1614 1551 M
1646 1517 1727 1550 eos
1761 1503 1911 1564 scrip-

213 1578 366 1638 serat,
407 1578 495 1639 qui
526 1578 699 1626 statim
731 1578 954 1626 ordinem
984 1594 1156 1627 verum
1186 1577 1561 1642 redintegravit.
1623 1577 1912 1640 neglexerat

210 1650 367 1714 igitur
398 1665 434 1718 ρ
465 1653 663 1700 notulas
696 1668 720 1700 c
752 1654 779 1701 b
811 1668 844 1702 a
870 1652 1094 1702 versibus
1118 1652 1361 1715 praefixas
1385 1652 1665 1712 falsumque
1689 1651 1911 1699 ordinem

209 1725 431 1773 retinuit.
493 1742 594 1774 non
640 1727 774 1775 tanti
804 1728 934 1776 facio
969 1727 1100 1789 quod
1131 1728 1183 1774 in
1216 1727 1421 1776 alterius
1453 1725 1571 1773 libri
1599 1726 1909 1788 praefatione

211 1815 339 1861 quae
374 1800 427 1847 in
457 1794 506 1849 R
535 1801 642 1863 ipse
673 1801 909 1850 librarius
940 1803 1072 1850 inter
1102 1802 1260 1850 lineas
1294 1802 1345 1849 et
1374 1801 1427 1848 in
1458 1801 1683 1863 margine
1717 1799 1910 1848 addidit

210 1875 349 1921 trado
396 1877 604 1924 conditio
650 1878 720 1925 sic
755 1878 922 1937 posita
969 1878 998 1923 ἔ
1037 1879 1093 1924 ut
1137 1879 1261 1924 totus
1304 1878 1382 1924 hic
1420 1877 1541 1924 alter
1580 1875 1721 1930 liber,
1769 1874 1821 1921 in
1859 1868 1910 1923 Μ

208 1964 362 1995 unum
397 1965 594 1998 versum
627 1950 864 1999 efficiunt.
929 1951 1060 2013 quod
1093 1953 1441 2014 argumentum
1471 1965 1561 2013 per
1592 1965 1641 1997 se
1675 1949 1907 2012 gravissi-

209 2039 347 2070 mum
379 2024 459 2071 hic
490 2026 653 2074 minus
684 2026 850 2074 valere
883 2042 939 2074 eo
972 2025 1190 2073 efficitur
1222 2025 1356 2087 quod
1386 2040 1619 2073 versuum
1651 2023 1905 2072 distinctio

209 2097 371 2158 qualis
417 2100 469 2145 in
508 2093 558 2147 M
596 2100 690 2148 hoc
727 2100 835 2148 loco
876 2102 1038 2148 exstat
1078 2100 1141 2147 ad
1178 2100 1325 2148 huius
1365 2099 1483 2147 libri
1519 2099 1708 2147 fontem
1745 2098 1906 2145 redire

207 2170 420 2220 videtur.
484 2173 621 2235 quod
661 2174 812 2223 codex
842 2169 891 2223 R
927 2174 1064 2222 haud
1098 2190 1211 2222 raro
1243 2175 1480 2222 lectiones
1511 2173 1717 2236 praebet
1746 2173 1904 2221 multo

208 2245 536 2309 elegantiores
578 2264 728 2310 quam
765 2243 837 2298 M:
877 2263 913 2316 ρ
953 2251 1278 2297 correctorem
1315 2251 1524 2297 nanctus
1565 2263 1668 2296 esse
1707 2247 1906 2296 videtur

207 2321 327 2368 satis
360 2320 587 2370 doctrina
617 2323 904 2385 pollentem,
937 2324 1076 2372 cuius
1109 2323 1260 2372 etiam
1291 2324 1345 2370 in
1370 2323 1657 2386 apographo
1683 2314 1777 2388 (R)
1804 2337 1904 2369 cer-

206 2394 402 2442 tissima
433 2398 647 2460 vestigia
677 2397 987 2462 indagamus.
1041 2414 1202 2460 neque
1234 2399 1367 2446 enim
1398 2397 1701 2445 cotidianam
1725 2395 1903 2443 doctri·

206 2483 322 2515 nam
354 2471 488 2532 sapit
524 2497 586 2503 —-
623 2473 683 2519 ut
715 2473 997 2534 exemplum
1027 2488 1302 2535 proponam
1333 2472 1795 2532 luculentissimum,
1834 2496 1904 2504 —

207 2543 339 2603 quod
377 2544 429 2590 in
460 2539 507 2592 R
537 2544 611 2592 IV
637 2548 684 2607 4,
714 2548 779 2594 79
813 2547 1000 2610 legitur
1029 2547 1223 2595 vcsulus
1255 2563 1344 2610 pro
1377 2547 1610 2607 corrupta
1641 2545 1821 2593 codicis
1852 2538 1904 2592 M

203 2616 415 2665 lectione
447 2633 503 2666 vc
531 2634 664 2668 sniis.
729 2636 787 2668 ex
817 2620 1002 2669 Vesulo
1036 2622 1168 2668 enim
1197 2623 1364 2669 monte
1395 2620 1559 2668 Padus
1590 2619 1775 2667 flumen
1807 2620 1901 2667 ori-

204 2691 370 2753 ginem
409 2692 567 2754 ducit,
614 2695 676 2742 cf.
701 2694 827 2742 Plin.
852 2695 966 2744 hist.
991 2698 1093 2743 nat.
1119 2695 1197 2743 ΙΠ
1224 2698 1343 2743 117.
1406 2695 1575 2756 Pomp.
1601 2694 1714 2742 Mel.
1738 2693 1791 2741 H
1818 2694 1901 2741 62.

206 2763 352 2828 Verg.
379 2766 498 2814 Aen.
524 2767 569 2814 X
598 2769 716 2817 708.
1023 2784 1028 2789 ·

279 2855 378 2901 qua
392 2857 446 2888 re
465 2841 730 2906 diligenter
746 2843 1070 2905 considerata,
1086 2861 1147 2892 ne
1166 2845 1531 2893 emendationes
1551 2843 1752 2907 quidem
1769 2857 1903 2906 egre-

205 2914 328 2977 gias,
362 2916 541 2976 quibus
573 2911 621 2965 R
652 2917 754 2965 fere
787 2918 1021 2979 abundat,
1053 2920 1152 2981 ipsi
1180 2919 1361 2968 codicis
1384 2919 1589 2967 librario
1611 2916 1902 2978 tribuemus,

2027 2170 2034 2787 ...——.-.-....—*-———..-—...——-
2028 1914 2034 2159 ——.-————-
2032 1833 2034 1896 hm.
