2034 3126
686 33 997 80 SILVARUM
1028 34 1077 79 L.
1101 33 1159 90 11,
1185 39 1212 78 3
1724 36 1796 89 55

97 175 357 225 immitem
395 172 693 241 Bromium,
734 174 924 242 stagna
960 175 1108 225 invia
1146 175 1198 225 et
1234 172 1417 225 invida
1453 174 1581 242 tela,

98 251 421 316 primaevam
457 250 581 299 nisu
619 248 919 316 platanum,
959 250 1045 299 cui
1083 248 1249 316 longa
1285 265 1527 316 propago

98 325 510 391 innumeraeque
546 340 736 374 manus
777 324 829 374 et
867 325 1040 374 iturus
1079 325 1139 373 in
1177 322 1391 374 aethera
1427 318 1629 391 vertex,
1744 335 1802 375 40

8 421 10 426 2
99 396 345 466 deposuit
381 399 533 448 iuxta
568 398 848 465 vivamque
888 396 1122 465 adgessit
1159 396 1412 449 harenam

99 474 403 540 optatisque
441 473 677 540 aspergit
715 473 866 540 aquis
908 473 959 522 et
996 472 1128 523 talia
1165 470 1404 524 mandat:

100 544 236 598 ‘vive
276 545 366 597 diu
404 548 577 598 nostri
614 547 811 614 pignus
851 545 1193 598 memorabile
1230 548 1366 614 voti,

98 619 276 687 arbor,
315 622 368 672 et
404 620 534 672 haec
572 619 732 672 durae
769 619 1037 672 latebrosa
1075 619 1272 672 cubilia
1307 620 1576 689 nymphae

97 697 158 747 tu
198 695 386 747 saltem
424 694 644 747 declinis
683 712 822 761 ama,
861 712 1040 764 preme
1078 694 1357 747 frondibus
1396 695 1608 748 undam.
1748 707 1803 748 45

96 770 194 821 illa
230 769 443 838 quidem
480 770 696 837 meruit,
737 769 827 821 sed
864 787 954 837 ne,
992 787 1200 838 precor,
1238 772 1364 838 igne
1405 787 1634 839 superno

98 846 302 896 aestuet
340 846 433 896 aut
451 843 603 932 'dura
640 844 863 896 feriatur
900 843 1181 913 grandine3
1220 845 1432 896 tantum

98 935 346 988 spargere
382 921 443 971 tu
481 919 693 971 laticem
731 921 784 971 et
820 919 966 971 foliis
1005 918 1220 971 turbare
1257 921 1537 972 memento.

97 996 226 1045 tunc
265 1011 364 1062 ego
403 995 559 1062 teque
598 992 690 1045 diu
727 994 958 1046 recolam
996 993 1370 1063 dominamque
1407 994 1670 1063 benignae

98 1067 235 1120 sedis
276 1070 328 1120 et
364 1069 567 1120 inlaesa
603 1067 820 1121 tutabor
857 1070 1138 1137 utramque
1178 1070 1407 1137 senecta,
1747 1082 1804 1122 50

96 1145 159 1195 ut
196 1141 361 1211 Iovis,
399 1145 462 1195 ut
499 1141 703 1195 Phoebi
741 1142 954 1196 frondes
963 1184 977 1211 ,
1016 1145 1079 1195 ut
1118 1142 1348 1196 discolor
1385 1143 1574 1196 umbra

95 1218 329 1287 populus
370 1219 423 1270 et
458 1219 672 1270 nostrae
713 1219 963 1287 stupeant
1000 1220 1094 1270 tua
1130 1221 1372 1287 germina
1409 1218 1604 1287 pinus?

99 1295 174 1344 sic
213 1294 302 1345 ait.
362 1293 459 1344 illa
498 1291 581 1344 dei
619 1294 820 1345 veteres
861 1295 1096 1345 animata
1133 1294 1332 1346 calores

96 1366 348 1420 uberibus
390 1369 594 1437 stagnis
635 1366 854 1436 obliquo
894 1367 1128 1436 pendula
1164 1369 1355 1421 trunco

95 1441 315 1494 incubat
353 1445 512 1511 atque
550 1441 752 1494 umbris
794 1445 1060 1494 scrutatur
1099 1443 1400 1495 amantibus
1440 1443 1625 1496 undas,
1747 1455 1803 1496 55

98 1519 275 1586 sperat
314 1519 367 1569 et
405 1517 700 1586 amplexus,
741 1517 832 1569 sed
871 1534 1129 1586 aquarum
1169 1520 1388 1586 spiritus
1429 1520 1571 1570 arcet

96 1609 193 1644 nec
231 1595 435 1660 patitur
471 1594 661 1645 tactus,
722 1591 937 1644 tandem
975 1593 1205 1644 eluctata
1245 1592 1342 1645 sub
1383 1611 1536 1646 auras

96 1666 323 1719 libratur
360 1666 527 1719 fundo
566 1684 856 1736 rursusque
895 1666 1060 1720 enode
1100 1685 1350 1720 cacumen

94 1744 377 1811 ingeniosa
413 1742 574 1810 levat,
613 1743 781 1794 veluti
820 1741 1101 1794 descendat
1138 1745 1197 1794 in
1233 1745 1369 1795 imos

98 1818 262 1885 stirpe
301 1817 446 1868 lacus
486 1817 604 1869 alia.
664 1819 772 1869 iam
808 1835 906 1869 nec
944 1816 1210 1870 Phoebeia
1246 1815 1379 1870 Nais
1749 1830 1805 1871 60

98 1890 212 1944 odit
251 1893 303 1943 et
342 1891 581 1944 exclusos
619 1894 815 1944 invitat
852 1894 1067 1961 gurgite
1106 1909 1296 1945 ramos

209 1965 337 2018 haec
376 1965 476 2018 tibi
513 1983 679 2035 parva
716 1966 930 2035 quidem
968 1967 1192 2035 genitali
1230 1968 1348 2020 luce
1386 1986 1634 2038 paramus

98 2039 259 2108 dona,
299 2040 390 2093 sed
426 2043 635 2110 ingenti
673 2041 856 2094 forsan
893 2044 1100 2094 victura
1139 2041 1236 2094 sub
1277 2060 1419 2096 aevo.

97 2117 183 2184 tu,
223 2118 372 2168 cuius
412 2115 621 2185 placido
660 2134 884 2186 posuere
922 2119 981 2168 in
1018 2119 1231 2186 pectore
1271 2117 1447 2170 sedem

95 2189 323 2243 blandus
355 2190 526 2243 honos
558 2190 849 2260 hilarisque
880 2194 1058 2243 tamen
1090 2210 1210 2244 cum
1241 2192 1472 2261 pondere
1500 2196 1685 2262 virtUS,
1749 2206 1804 2246 65

216 2343 267 2380 88
299 2335 551 2381 bromium:
583 2336 744 2382 Brimo
774 2337 979 2396 Scaliyer
1001 2337 1209 2395 (Brimon
1235 2339 1290 2384 K
1295 2338 1459 2384 lotzius
1491 2342 1614 2385 1896
1636 2354 1686 2397 p.
1708 2342 1805 2395 77):

98 2394 335 2441 Bromiam
353 2396 737 2444 Lundstroemius
760 2401 883 2444 1893
897 2411 945 2455 p.
962 2401 1044 2443 68:
1070 2396 1278 2442 Triviam
1293 2398 1664 2445 Sandstroemius
1679 2402 1806 2444 1878

96 2458 241 2526 p.21:
273 2454 482 2501 Pholoen
505 2457 725 2517 Saenyer:
757 2457 979 2502 Bormum
1002 2458 1204 2503 Ellisius
1236 2461 1359 2504 1874
1382 2473 1431 2517 p.
1450 2462 1544 2505 264
1636 2460 1807 2517 stagna

97 2515 227 2561 invia
250 2515 408 2562 Slater
431 2520 552 2562 1907
571 2531 618 2574 p.
638 2520 745 2564 145:
775 2519 831 2562 st.
851 2517 1011 2562 invida
1101 2525 1151 2562 80
1175 2517 1282 2563 nisu
1307 2520 1618 2577 Peyraredus:
1643 2519 1746 2564 visu

98 2583 148 2620 47
180 2574 319 2621 dura:
353 2576 459 2621 dira
488 2575 718 2623 Schrader
805 2585 856 2622 ⁸⁸
885 2579 1087 2623 veteres:
1122 2577 1244 2637 (in)
1276 2580 1456 2624 veteres
1491 2579 1807 2625 Marklandus

99 2635 176 2693 (cf.
201 2635 354 2683 Sedul.
379 2650 518 2682 carm.
540 2638 695 2695 pasch.
731 2637 885 2684 V269
917 2651 1114 2695 corpora
1144 2639 1413 2683 sanctorum
1439 2675 1447 2683 .
1476 2673 1487 2685 .
1515 2674 1524 2684 .
1549 2639 1598 2683 in
1627 2638 1806 2684 cineres

99 2693 312 2741 animata
342 2698 489 2754 που»
520 2709 745 2743 venerans
776 2697 990 2757 Saenyer,
1021 2697 1101 2744 sed
1131 2697 1227 2743 adi.
1261 2700 1393 2743 vetus
1425 2705 1585 2768 aptum
1707 2698 1806 2743 ani-

98 2756 249 2800 mata:
282 2754 473 2801 imitata
503 2756 821 2802 Mar-lelandus
918 2765 967 2801 54
1000 2756 1254 2803 Uberibus:
1288 2758 1427 2803 arbor
1456 2758 1525 2803 1bi
1557 2760 1612 2804 ci.
1640 2758 1807 2804 Philli-

99 2815 287 2870 mon-ius,
321 2816 444 2874 quod
467 2822 574 2874 post
605 2814 690 2861 illa
719 2817 838 2873 ferri
866 2818 1023 2875 nequit
1173 2825 1223 2862 55
1254 2817 1455 2866 umbris:
1488 2820 1504 2863 1
1536 2817 1708 2863 umeris
1739 2818 1807 2862 Π*

102 2874 156 2920 im
183 2888 271 2935 my.
363 2883 414 2920 ιο
444 2875 565 2921 imos
595 2875 683 2923 1¹:
717 2888 837 2922 unos
