2034 3126
262 80 329 131 10
866 77 916 120 P.
942 75 1147 120 PAPINI
1179 75 1352 120 STATI

256 235 351 269 nec
392 219 436 268 si
475 215 744 268 Dardania
780 218 963 283 pastor
1002 217 1307 266 temerarius
1347 212 1442 265 Ida

259 291 502 358 sedisseS‚
541 291 669 342 11366
709 289 847 342 (10113
884 290 1080 356 forent,
1119 307 1216 340 1166
1256 291 1300 340 81
1340 289 1479 339 311113
1515 306 1609 356 per
1648 307 1799 340 auras

256 368 308 418 te
346 362 525 434 potius
565 382 731 433 pensa
768 364 979 415 veheret
1018 363 1270 415 Tithonia
1306 362 1446 431 biga.
1906 374 1951 412 15

368 439 457 492 86(1
497 458 629 507 quae
669 457 826 490 631183
862 440 1008 490 10108
1047 440 1372 506 inopinaque
1410 436 1606 505 gaudia
1642 438 1751 487 vati

256 514 473 566 attulit?
512 514 599 565 hic
636 531 862 580 mecum,
904 512 1030 563 dum
1066 511 1271 564 fervent
1311 515 1520 579 agmine
1558 513 1736 578 postes

256 591 494 657 atriaque
534 590 585 640 et
622 589 792 639 multa
829 588 1112 655 pulsantur
1149 587 1336 637 limina
1373 588 1544 654 virga,

255 664 363 731 1116,
401 662 565 715 Erato
605 661 856 728 iucunda,
896 661 1036 713 doce.
1099 663 1249 712 vacat
1289 662 1413 728 apta
1450 678 1659 712 movere

257 739 523 806 colloquia
562 739 612 788 et
652 737 793 789 docti
830 738 1030 788 norunt
1070 735 1249 787 audire
1287 736 1517 803 penates.
1896 745 1952 785 50

367 813 526 879 forte,
566 813 792 864 serenati
833 829 938 879 qua
978 812 1082 861 8131
1119 811 1282 878 plaga
1319 810 1488 860 lactea
1526 809 1677 875 caeli,

257 888 396 938 alma
431 886 613 939 Venus
653 886 888 938 thalamo
927 885 1085 953 pulsa
1121 883 1279 936 modo
1317 885 1472 935 nocte
1510 882 1713 934 iacebat

256 962 502 1030 amplexu
542 960 672 1013 duro
714 959 883 1012 Getici
922 960 1157 1011 resoluta
1193 961 1385 1010 mariti.

255 1037 424 1088 fulcra
469 1037 720 1103 torosque
767 1034 891 1087 deae
932 1036 1173 1086 tenerum
1210 1034 1404 1101 premit
1443 1050 1634 1100 agmen
1672 1029 1954 1098 Amorum3

257 1114 412 1180 signa
448 1112 639 1179 petunt
679 1127 784 1178 qua
822 1109 955 1161 ferre
995 1108 1132 1160 faces
1142 1149 1156 1175 ,
1197 1125 1330 1176 quae
1368 1109 1583 1175 pectora
1619 1106 1716 1174 figi
1898 1118 1952 1156 55

254 1187 498 1254 imperet3
540 1203 607 1236 an
645 1186 799 1236 terris
842 1186 1039 1236 saevire
1079 1201 1148 1234 an
1184 1183 1337 1234 malit
1374 1185 1433 1233 in
1470 1181 1648 1247 undiS,

256 1279 324 1312 an
362 1262 580 1311 miscere
620 1258 742 1311 deos
784 1277 852 1310 an
892 1258 1062 1310 adhuc
1099 1275 1286 1309 vexare
1325 1255 1633 1308 Tonantem.

254 1337 359 1403 ipsi
400 1337 606 1386 animus
645 1333 886 1386 nondum
921 1351 1019 1384 nec
1059 1331 1203 1384 cordi
1240 1331 1347 1383 fixa
1376 1332 1638 1383 voluntas.

257 1410 397 1462 fessa
433 1411 568 1460 iacet
609 1410 810 1475 stratis,
850 1407 943 1459 ubi
984 1406 1252 1475 quondam
1292 1408 1501 1458 60118613
1539 1405 1756 1473 culpae-

255 1483 474 1536 Lemnia
512 1483 767 1551 deprenso
807 1483 1087 1550 repserunt
1123 1482 1337 1533 vincula
1374 1482 1526 1532 lecto.
1898 1491 1953 1530 60

253 1559 340 1610 1116
378 1576 510 1627 puer
549 1576 576 1609 e
614 1557 772 1609 turba
809 1558 1107 1623 volucrum,
1148 1558 1232 1607 cui
1270 1557 1533 1624 plurimus
1572 1557 1714 1623 ignis

256 1652 344 1685 ore
382 1650 648 1701 manuque
686 1633 791 1684 levi
827 1649 1121 1699 numquam
1158 1631 1413 1682 frustrata
1452 1631 1669 1697 sagitta,

205 1755 208 1757 ,
256 1710 466 1777 agmine
506 1707 568 1759 de
606 1706 778 1759 medio
818 1708 999 1758 tenera
1039 1708 1113 1758 sic
1153 1705 1302 1757 dulce
1341 1704 1583 1773 profatur

254 1800 380 1835 voce
412 1812 484 1817 —
516 1782 808 1850 pharetrati
846 1798 1081 1849 pressere
1121 1781 1334 1832 silentia
1371 1779 1558 1830 fratres
1594 1808 1664 1813 -—

255 1855 375 1909 ‘scis
416 1858 497 1924 ut,
536 1855 739 1923 mater'‚
780 1858 854 1907 ait
895 1854 1065 1907 ‘nulla
1101 1855 1234 1906 mihi
1274 1853 1486 1905 dextera
1524 1855 1700 1921 segnis
1898 1865 1952 1904 65

253 1933 467 1998 111111113;
508 1948 891 1999 quemcumque
928 1930 1206 1982 hominum
1246 1929 1530 1996 divumque
1569 1926 1779 1993 dedisti,

255 2008 441 2058 uritur.
505 2008 560 2056 31
599 2004 867 2074 quondam
905 2005 1135 2055 lacrimis
1178 2006 1229 2054 61
1269 2004 1507 2071 supplice
1547 2001 1729 2054 dextra

255 2083 305 2131 et
343 2083 481 2132 votis
521 2079 870 2148 precibusque
908 2082 1083 2130 virum
1123 2077 1344 2130 concede
1383 2079 1603 2144 moveri,

254 2173 284 2206 0
324 2157 586 2224 genetrix:
627 2154 758 2207 duro
797 2172 895 2206 nec
934 2156 1076 2205 6111111
1116 2171 1176 2204 ex
1217 2152 1492 2204 adamante
1532 2153 1713 2218 creati,

255 2230 344 2282 sed
382 2232 476 2280 tua
513 2229 673 2281 turba
711 2247 908 2281 sumus.
972 2229 1141 2279 clarus
1184 2227 1245 2279 de
1284 2228 1443 2295 gente
1481 2224 1674 2277 Latina
1898 2237 1953 2276 70

371 2383 420 2417 48
452 2374 571 2418 Nec:
606 2373 704 2418 Hec
734 2389 778 2416 m
895 2382 943 2416 44
974 2387 1081 2417 nec:
1114 2373 1201 2416 hec
1232 2387 1274 2415 m
1388 2379 1436 2415 45
1467 2384 1615 2428 pensa
1644 2369 1835 2415 veheret
1869 2369 1952 2415 Ge-

251 2436 449 2480 vartius:
481 2447 651 2491 prensa
682 2433 892 2478 veheret:
924 2447 1145 2490 prensum
1177 2433 1258 2488 (sic
1288 2433 1383 2476 iam
1407 2431 1708 2487 Parrhasius)
1733 2429 1955 2474 aveheret

253 2495 490 2539 Baehrens
610 2502 660 2536 46
690 2492 789 2537 vati
823 2508 865 2537 c:
902 2492 1021 2536 vatis
1143 2500 1192 2535 48
1223 2491 1390 2535 limina
1424 2506 1472 2541 ςε
1505 2489 1685 2534 lumina
1805 2498 1854 2533 4⁹
1886 2489 1953 2534 io-

254 2553 408 2598 cunda.
528 2561 576 2596 55
610 2566 703 2608 qua
735 2553 997 2597 Nodellius:
1040 2564 1156 2608 quas
1277 2560 1323 2594 57
1359 2551 1490 2595 deos:
1525 2550 1635 2596 deas
1668 2549 1866 2607 Saenyer

253 2622 303 2656 eo
324 2614 573 2670 deprenso:
601 2612 859 2669 deprensae
875 2612 1101 2656 Handius
1191 2610 1312 2655 lecto
1330 2611 1403 2667 (cf.
1430 2610 1566 2655 Theb.
1593 2610 1695 2654 VII
1706 2611 1803 2666 63):
1828 2608 1952 2652 furto

256 2672 591 2718 Marklandus:
627 2674 764 2717 coetu
797 2673 1044 2717 Barthius:
1077 2670 1190 2714 ludo
1223 2670 1422 2728 Saenyer
1517 2678 1566 2713 62
1597 2681 1832 2724 manuque
1862 2667 1954 2712 levi

254 2734 495 2790 (intelle9e:
534 2737 578 2777 et
614 2746 744 2788 quem
782 2745 1034 2788 numquam
1073 2745 1217 2775 manu
1257 2731 1342 2774 levi
1378 2731 1607 2786 frustrata
1646 2733 1710 2774 est
1742 2728 1951 2785 sayitta):

252 2804 514 2848 manusque
544 2790 639 2835 levi
672 2791 934 2836 Morellius:
966 2803 1225 2846 manusque
1255 2789 1371 2833 levis
1407 2790 1604 2835 Omceus
1723 2795 1773 2831 68
1804 2787 1952 2844 virum

254 2856 368 2910 (qen.
392 2852 555 2908 plur.):
589 2850 676 2894 viri
700 2852 999 2896 Bernartius:
1032 2864 1202 2893 nurum
1236 2850 1412 2894 Polster
1442 2851 1568 2893 1878
1598 2862 1643 2904 p.
1661 2851 1690 2891 3
1779 2843 1955 2891 moveri

255 2912 364 2968 (scil.
392 2911 511 2967 nos):
546 2923 730 2954 movere
767 2910 867 2955 Otto
901 2913 1024 2954 1887
1051 2923 1097 2965 p.
1124 2913 1215 2953 366
