2034 3126
266 72 371 125 134
870 75 918 119 P.
949 75 1158 127 PAPINI
1189 77 1363 122 STATI

259 227 325 260 ex
366 213 416 261 te
455 214 624 262 maior
662 212 855 278 honOS‚
896 231 1060 263 unum
1100 217 1310 267 novisse
1351 215 1542 282 cubile,
1679 228 1683 232 “
1908 234 1962 271 55

258 302 430 335 unum
470 288 681 336 secretis
724 289 923 354 agitare
966 287 1062 338 sub
1104 289 1310 340 ossibus
1350 293 1543 358 ignem.

260 357 416 409 illum
453 362 550 410 nec
589 358 855 428 Phrygius
896 363 1134 413 vitiasset
1172 366 1354 430 raptor
1394 383 1624 416 amorem

257 431 562 485 Dulichiive
610 438 758 502 proci
795 453 891 486 nec
932 439 1024 503 qui
1062 436 1322 489 fraternus
1364 438 1569 491 adulter

263 510 410 558 easta
445 505 731 575 Mycenaeo
773 509 1001 561 conubia
1033 511 1234 582 polluit
1274 530 1416 564 auro.

260 585 307 633 si
344 580 650 649 Babylonos
693 601 840 651 opeS,
881 582 1057 652 Lydae
1099 588 1143 635 si
1180 586 1416 653 pondera
1453 605 1613 655 gazae
1908 604 1963 642 60
2033 624 2034 627 =

258 655 618 724 Indorumque
660 656 806 708 dares
850 656 1140 726 Serumque
1179 658 1523 729 Arabumque
1561 665 1804 730 potentes

258 730 493 797 divitias,
533 732 717 791 mallet
757 750 876 783 cum
912 736 1222 800 paupertate
1261 735 1453 802 pudica

259 807 575 856 intemerata
613 809 749 857 mori
789 809 1057 875 vitamque
1097 809 1380 876 rependere
1420 810 1604 862 famae.

258 896 357 930 nec
396 879 542 931 frons
582 882 734 932 triste
772 884 950 949 rigens
990 885 1292 951 nimiusque
1330 887 1388 935 in
1426 885 1661 937 moribus
1702 886 1911 953 horror,

259 953 352 1005 sed
392 954 615 1021 simplex
655 955 944 1023 hilarisque
983 955 1110 1008 fides
1153 959 1204 1008 et
1242 960 1408 1009 mixta
1445 959 1637 1026 pudori
1908 975 1962 1013 65

256 1030 445 1096 gratia.
509 1028 698 1096 quodsi
739 1047 927 1098 anceps
968 1034 1139 1082 metus
1181 1031 1246 1082 ad
1283 1035 1485 1084 maiora
1523 1038 1784 1100 vocasset,

260 1103 358 1154 illa
395 1103 480 1154 vel
520 1104 789 1155 armiferas
830 1122 927 1172 pro
969 1108 1193 1173 coniuge
1232 1107 1371 1158 laeta
1410 1107 1641 1160 catervas

257 1177 652 1245 fulmineosque
690 1181 840 1246 ignes
881 1179 1144 1247 mediique
1182 1182 1417 1248 pericula
1453 1185 1608 1250 ponti

258 1254 536 1319 exciperet.
598 1253 810 1320 meliUS,
852 1253 994 1321 quod
1031 1272 1142 1305 non
1182 1254 1397 1307 adversa
1434 1257 1750 1324 probarunt,

258 1343 396 1394 quae
434 1325 534 1377 tibi
574 1344 698 1378 cura
736 1330 862 1393 tori,
904 1331 1132 1395 quantus
1173 1348 1269 1397 pro
1311 1333 1535 1399 coniuge
1574 1333 1767 1399 pallor!
1909 1347 1962 1385 70

259 1398 353 1452 sed
390 1401 607 1452 meliore
645 1404 732 1452 via
771 1401 980 1454 dextros
1022 1405 1115 1454 tua
1153 1406 1277 1455 vota
1316 1408 1508 1457 marito

257 1491 595 1543 promeruere
635 1475 781 1543 deOS,
823 1476 948 1528 dum
985 1480 1140 1529 nocte
1182 1477 1366 1547 dieque
1405 1479 1598 1548 fatigas

257 1552 502 1617 numina,
543 1549 669 1601 dum
709 1553 910 1603 cunctis
954 1553 1177 1620 supplex
1218 1552 1508 1605 advolveris
1551 1557 1652 1605 aris

259 1626 314 1674 et
350 1625 534 1675 mitem
572 1628 790 1692 genium
830 1625 1030 1677 domini
1068 1629 1358 1694 praesentis
1401 1627 1600 1680 adoras,

260 1697 443 1749 audita
481 1717 557 1767 es,
597 1702 846 1768 venitque
884 1699 1053 1768 gradu
1092 1699 1331 1753 Fortuna
1368 1702 1616 1770 benigno,
1909 1717 1963 1756 75

258 1771 396 1823 vidit
434 1776 630 1841 quippe
668 1777 745 1842 pii
783 1777 987 1826 iuvenis
1027 1793 1321 1844 navamque
1362 1780 1591 1844 quietem

259 1849 619 1915 intactamque
658 1847 815 1899 fidem
856 1852 1224 1918 succinctaque
1262 1854 1476 1918 pectora
1516 1855 1653 1904 curis

260 1923 315 1972 et
352 1923 540 1990 vigiles
583 1940 766 1974 sensus
809 1926 860 1974 et
900 1923 1062 1991 digna
1101 1925 1339 1977 evolvere
1378 1928 1552 1977 tantas

258 1995 440 2047 sobria
478 1996 636 2048 corda
674 2000 833 2064 viceS,
875 1998 1027 2064 vidit,
1070 2002 1160 2066 qui
1201 2002 1390 2051 cuncta
1429 2018 1645 2052 suorum

259 2073 412 2122 novit
451 2073 503 2122 et
539 2074 791 2139 inspectis
833 2071 998 2123 ambit
1036 2074 1174 2125 latus
1217 2092 1371 2126 omne
1409 2077 1682 2126 ministris.
1906 2088 1962 2128 80

259 2162 357 2196 nec
394 2148 610 2196 mirum:
672 2146 814 2197 videt
852 2147 943 2198 ille
983 2150 1129 2199 ortus
1172 2148 1474 2216 obitusque,
1515 2149 1642 2217 quid
1681 2152 1879 2217 auster,

258 2218 391 2286 quid
428 2219 612 2271 boreas
653 2220 904 2272 hibernus
947 2224 1091 2290 agat,
1131 2222 1360 2291 ferrique
1399 2226 1658 2291 togaeque

258 2294 486 2344 consilia
524 2297 680 2362 atque
719 2298 890 2363 ipsam
928 2297 1400 2364 mentem-probat.
1462 2299 1551 2348 ille
1591 2298 1786 2349 iubatis

257 2368 457 2419 molem
493 2371 805 2421 immensam
843 2373 1036 2421 umeris
1079 2374 1129 2421 et
1167 2374 1255 2422 vix
1293 2372 1567 2424 tractabile
1605 2373 1812 2440 pondus

382 2491 430 2525 55
463 2483 532 2525 Ex
556 2486 624 2527 te:
659 2487 730 2528 est
754 2488 800 2528 et
825 2487 1094 2530 Bursianus
1186 2495 1233 2528 64
1258 2485 1308 2529 in
1332 2487 1539 2530 moribus
1566 2502 1612 2535 ςε
1645 2487 1901 2531 maioribus

262 2550 312 2583 66
345 2542 406 2585 ad
439 2558 487 2591 ς;
521 2544 587 2587 et:
621 2543 670 2587 in
702 2546 939 2589 Baehrens
1062 2547 1271 2589 vocasset
1303 2560 1350 2595 ςι
1384 2548 1595 2590 vacasset
1715 2555 1763 2589 69
1795 2547 1962 2598 melius

262 2606 395 2645 reete:
430 2602 583 2646 doluit
615 2605 667 2648 ci.
695 2604 1014 2649 Phillimorius
1044 2606 1160 2648 male
1313 2614 1355 2648 71
1389 2605 1480 2649 Sed
1510 2605 1722 2650 meliore:
1756 2605 1963 2662 splendi-

265 2660 394 2705 diore
410 2662 464 2706 ei.
476 2662 675 2720 Saenqer
766 2671 811 2706 81
830 2665 987 2707 auster
1004 2679 1051 2712 3:
1079 2666 1231 2708 arctos
1323 2674 1371 2707 82
1388 2667 1618 2722 togaeque
1637 2681 1684 2714 ⁴3:
1710 2667 1903 2723 rotagae

264 2728 313 2762 83
334 2720 509 2765 iubatis
528 2724 601 2778 (cf.
613 2723 750 2767 Arch.
762 2723 794 2777 f.
807 2724 884 2767 lat.
896 2723 1008 2767 Leoe.
1022 2724 1167 2769 XIII
1174 2727 1292 2768 1904
1301 2727 1493 2781 p.286):
1520 2724 1723 2768 iuvantis
1741 2725 1959 2782 Saenyer:

265 2780 472 2824 subactis
496 2783 749 2827 Avantius:
782 2783 958 2839 iugatis
985 2784 1096 2837 (scil.
1114 2785 1288 2840 mariti)
1314 2785 1515 2828 Lohrius
1540 2788 1661 2829 1876
1676 2799 1725 2840 p.
1749 2787 1827 2828 75:
1856 2798 1962 2840 pro-

263 2838 388 2883 batis
407 2841 667 2886 Krohnius:
694 2842 778 2885 sub
805 2842 922 2886 actis
943 2844 1311 2901 Maenayhtenus
1328 2847 1452 2888 1890
1468 2847 1620 2900 p‚136
1710 2852 1758 2886 84
1779 2843 1960 2905 pondus

266 2899 517 2945 Avantius:
550 2903 734 2958 tempus
