2034 3126
656 50 969 107 SmVARUM
999 50 1049 96 L.
1076 50 1133 107 V,
1160 55 1200 95 1.
1226 55 1253 95 2
1685 51 1803 109 ‚141

102 206 447 259 egressasque
486 191 648 241 sacris
690 191 891 240 veteres
930 188 1172 242 heroidas
1206 192 1373 241 antris
1725 202 1810 242 255

101 266 303 316 lumine
339 280 609 332 purpureo
648 265 827 315 tristes
868 263 1046 315 laxare
1084 262 1327 315 tenebras

104 342 348 407 sertaque
387 340 441 389 et
477 335 692 406 Elysios
733 340 939 390 animae
976 340 1337 406 praesternere
1375 336 1547 390 flores.

105 416 182 464 sic
218 430 399 464 manes
439 410 686 464 Priscilla
723 410 882 464 subit.
943 411 1020 463 ibi
1059 412 1300 481 supplice
1338 411 1521 464 dextra

99 504 200 556 pro
239 489 292 539 te
330 484 466 538 Fata
500 488 677 555 rogat,
716 503 866 554 reges
906 485 1007 538 tibi
1046 488 1215 539 tristis
1256 484 1457 539 Averni
1781 539 1787 544 ,

98 562 301 631 placat,
339 563 401 613 ut
439 561 663 629 expletis
702 559 924 612 humani
962 559 1158 613 finibus
1199 565 1313 613 aevi
1724 573 1811 614 260

100 639 380 704 paeantem
417 638 584 704 terras
625 634 900 687 dominum
937 637 1287 704 iuvenemque
1326 637 1596 704 relinquas

101 713 216 778 ipse
256 711 440 762 senex!
502 712 673 761 certae
711 712 891 761 iurant
930 712 987 761 in
1026 712 1152 762 vota
1191 728 1412 763 sorores,

919 872 988 925 ΙΙ.

365 971 603 1016 LAUDES
636 971 895 1017 CRISPINI
925 972 1109 1017 VET'I'I
1139 972 1363 1019 BOLANI
1393 973 1544 1019 FILII.

216 1065 364 1118 Rura
399 1083 547 1118 meus
579 1064 862 1134 ‚Tyrrhena
899 1068 1035 1135 petit
1074 1067 1347 1136 saltusque
1385 1066 1600 1136 Tagetis

100 1138 403 1210 Crispinus3
440 1158 538 1192 nec
577 1141 742 1210 longa
778 1159 928 1193 mora
967 1143 1046 1193 est
1085 1143 1178 1193 aut
1217 1144 1335 1194 avia
1372 1142 1556 1209 telluS,

101 1214 193 1267 sed
229 1233 348 1267 mea
385 1218 584 1267 secreto
623 1216 895 1267 velluntur
933 1217 1147 1284 pectora
1173 1215 1389 1283 morsu,

100 1289 308 1358 udaque
346 1292 620 1359 turgentes
659 1290 946 1358 impellunt
984 1291 1189 1342 lumina
1226 1293 1431 1359 guttas,

95 1360 197 1417 ⁴ceu
237 1382 396 1433 super
434 1362 672 1434 Aegaeas
710 1364 909 1416 hiemes
951 1363 1193 1419 abeuntis
1235 1368 1390 1417 amici
1783 1378 1809 1417 5

103 1440 223 1491 vela
261 1456 450 1508 sequar
490 1441 823 1508 spectemque
862 1441 1030 1491 ratem
1067 1442 1174 1491 iam
1214 1439 1384 1492 fessus
1425 1439 1491 1492 ab
1530 1440 1654 1493 altis

103 1512 327 1582 rupibus
368 1516 527 1582 atque
566 1514 748 1566 oculos
789 1514 953 1583 longo
994 1531 1185 1583 querar
1223 1532 1340 1566 aere
1379 1517 1534 1567 vinci.

216 1587 367 1657 quid,
430 1590 476 1640 si
514 1588 737 1640 militiae
775 1590 883 1641 iam
920 1591 995 1655 te,
1033 1606 1167 1659 puer
1203 1589 1407 1657 inclite,
1446 1592 1647 1658 primae

0 1694 2 1698 >
102 1663 245 1715 clara
282 1661 583 1715 rudimenta
620 1665 672 1715 et
711 1666 1006 1716 castrorum
1044 1662 1196 1715 dulce
1234 1666 1446 1716 vocaret

101 1739 422 1806 auspicium,
461 1740 662 1806 quanto
701 1740 979 1790 manarent
1016 1737 1214 1807 gaudia
1250 1737 1379 1791 fletu
1755 1750 1810 1791 ιο

0 1861 3 1898 [
101 1829 303 1881 quosve
342 1810 519 1864 darem
559 1812 855 1881 amplexus!
896 1815 1124 1865 etiamne
1164 1812 1398 1882 optanda
1434 1815 1753 1882 propinquis

0 1934 3 1958 ,
100 1886 313 1939 tristia?
375 1889 428 1939 et
466 1889 686 1939 octonos
725 1885 808 1938 bis
848 1889 956 1939 iam
994 1886 1094 1940 tibi
1134 1889 1322 1940 circuit
1360 1885 1513 1940 orbes

0 1966 12 2041 ’.ο
102 1964 234 2027 vita,
275 1959 366 2012 sed
404 1963 646 2030 angustis
687 1964 894 2014 animus
936 1960 1206 2015 robustior
1245 1965 1421 2030 annis,

103 2034 508 2105 succumbitque
547 2038 695 2088 oneri
736 2038 788 2088 et
826 2040 1056 2088 mentem
1097 2054 1193 2089 sua
1230 2054 1341 2089 non
1380 2038 1523 2105 capit
1561 2038 1719 2089 aetas.

222 2173 297 2209 266
336 2164 554 2210 heroidas
593 2179 642 2215 5:
682 2165 867 2210 eor-idas
1019 2174 1091 2209 2⁶1
1124 2169 1374 2223 paeantem
1408 2167 1662 2212 Avantius:
1704 2165 1812 2212 Pla-

102 2227 289 2271 cantem
380 2232 455 2268 ’σε
487 2226 664 2269 certae:
697 2228 860 2270 ternae
893 2226 1135 2271 Nodellius

222 2284 277 2328 11.
302 2293 327 2328 s
351 2284 433 2328 sed
458 2284 740 2331 Gronovius:
771 2284 829 2329 Et
852 2286 973 2343 qaod
996 2285 1203 2340 defendit
1220 2286 1274 2331 G.
1292 2285 1627 2340 Friedffchius,
1651 2286 1810 2333 Herm.

11 2370 14 2394 ‚
104 2347 164 2390 43
186 2347 343 2401 (1908)
362 2358 411 2402 p.
432 2347 540 2397 625,
562 2345 669 2400 fort.
687 2350 799 2390 recte
890 2354 912 2388 ⁴
946 2344 1217 2402 impellunt:
1250 2345 1530 2404 inspergunt
1553 2346 1753 2405 Saenqer

96 2407 286 2463 guttas:
319 2406 484 2462 guttae
521 2404 835 2451 Mat-lelandus
942 2413 961 2447 7
996 2403 1137 2471 longo
1170 2419 1219 2456 ςε
1252 2404 1426 2462 longon
1531 2414 1574 2450 ιι
1606 2405 1811 2450 etiamne

104 2463 314 2522 optanda
344 2462 622 2532 propinquis
652 2467 722 2521 (-a
746 2464 1003 2520 Krohnius)
1035 2463 1192 2509 tnstia
1217 2466 1266 2509 et
1289 2479 1338 2514 ⁴3:
1371 2465 1576 2510 etiamne
1602 2465 1812 2523 optanda

104 2522 357 2592 propinqui
374 2522 550 2592 Tristia
573 2526 647 2592 utf
672 2524 721 2570 et
736 2522 890 2594 iamne
906 2530 949 2569 o.
967 2524 1257 2593 propinquas
1273 2525 1358 2582 (vel
1369 2524 1478 2594 5⁸¹st
1493 2539 1594 2571 omn
1612 2525 1810 2582 Aldina)

106 2582 622 2693 ffgfflgssfssgssowg
625 2597 699 2688 ⁸0⁸⁸.
707 2602 719 2629 ²
743 2584 1810 2712 ⁰223&ss322¹‚221ss225n1222ffl220323021.

106 2715 199 2747 non
231 2702 431 2771 Saenqer
460 2702 639 2759 (haereo
668 2703 720 2748 in
750 2703 1042 2750 collocatione
1072 2717 1194 2749 vocas
1225 2707 1334 2760 non)
1437 2712 1482 2747 ιε
1514 2703 1726 2773 angustis
1759 2718 1808 2755 ςε

96 2819 101 2826 1
258 2764 321 2808 tis
354 2764 431 2819 (ηε
462 2776 519 2830 ιφ
549 2775 624 2806 -us
654 2762 739 2831 1⁸¹)
829 2772 873 2807 u
907 2763 992 2808 del.
1019 2763 1246 2809 Bau-thius
1337 2761 1702 2819 Succumbitque
1734 2763 1808 2821 (os.

107 2773 352 2927 {mog
368 2824 465 2877 79):
492 2821 814 2879 mcumbrtque
833 2823 1066 2869 Baehrens
1158 2826 1206 2867 et
1228 2824 1432 2867 mentem
1450 2836 1556 2868 sua:
1582 2824 1811 2879 quantum

20 2915 32 2939 =.
222 2895 277 2927 σε.
336 2895 502 2940 aenyer
