2034 3126
690 2 1003 47 summum
1032 3 1084 48 L.
1106 2 1166 58 v,
1190 7 1218 46 3
1698 2 1805 56 159

101 140 356 194 Caesarea
393 139 590 192 donata
625 142 810 192 manu!
871 140 1015 209 quod
1054 139 1275 192 subdere
1317 140 1480 193 robur

98 216 196 267 illa
234 215 367 282 dies,
406 216 667 283 quantum
703 217 884 282 potuit
921 214 1211 283 dempsisse
1250 217 1509 267 senectae!
1717 227 1805 268 230

99 307 225 341 nam
264 288 408 358 quod
444 306 529 340 me
566 290 735 340 mixta
773 307 995 357 quercus
1033 306 1145 342 non
1182 292 1376 357 pressit
1416 290 1577 357 oliva,

101 367 153 416 et
191 364 335 432 fugit
373 365 613 432 speratus
651 362 846 415 honos:
909 381 1068 432 quam
1107 362 1258 415 dulce
1296 366 1531 432 parentis

97 437 283 490 invida
317 436 511 506 Tarpei
550 439 783 505 caperes!
822 440 875 489 te
912 440 1098 490 nostra
1134 440 1392 507 magistro

99 511 327 564 Thebais
366 511 630 580 urguebat
666 514 964 580 priscorum
1003 511 1217 565 exordia
1254 515 1459 580 vatum3

98 589 159 638 tu
199 589 385 639 cantus
425 587 699 638 stimulare
736 603 904 653 meos,
943 589 1004 638 tu
1042 586 1271 655 pandere
1308 587 1449 639 facta
1718 598 1805 638 235

99 661 322 714 heroum
358 660 592 729 bellique
630 660 816 713 modos
855 664 1170 730 positusque
1209 662 1448 714 locorum

98 735 449 787 monstrabas
509 734 656 787 labat
692 737 895 787 incerto
933 735 1067 787 mihi
1105 736 1274 787 limite
1314 754 1498 788 cursus

98 813 152 862 te
192 812 306 862 sine
345 812 398 862 et
436 808 651 862 orbatae
690 811 925 878 caligant
962 811 1081 861 vela
1118 814 1339 862 carinae.

98 902 197 937 nec
236 885 412 937 solum
449 884 602 953 larga
637 887 832 936 memet
868 887 1065 952 pietate
1103 884 1341 937 fovebas:

99 960 224 1011 talis
265 961 318 1011 et
353 961 413 1011 in
450 958 730 1012 thalamos.
791 977 900 1011 una
937 958 1037 1011 tibi
1077 962 1292 1028 cognita
1329 958 1482 1011 taeda
1718 971 1805 1012 240

100 1032 350 1101 conubia,
388 1051 527 1085 unus
568 1051 729 1086 amor.
791 1036 929 1086 certe
969 1036 1244 1102 seiungere
1283 1037 1501 1086 matrem

98 1110 208 1160 iam
245 1107 437 1177 gelidis
475 1125 681 1177 nequeo
720 1107 917 1176 bustis3
955 1110 1009 1160 te
1048 1111 1211 1160 sentit
1247 1109 1532 1177 habetque,

100 1185 153 1234 te
192 1182 336 1234 videt
374 1185 427 1234 et
463 1183 700 1235 tumulos
741 1186 967 1251 ortuque
1007 1182 1263 1251 obituque
1304 1184 1520 1251 salutat,

100 1259 163 1309 ut
199 1255 423 1309 Pharios
462 1258 596 1309 aliae
634 1257 759 1309 ficta
795 1259 993 1326 pietate
1032 1257 1239 1310 dolores

99 1330 528 1401 Mygdoniosque
566 1333 751 1384 colunt
789 1334 843 1383 et
879 1349 990 1384 non
1029 1351 1125 1384 sua
1162 1332 1350 1384 funera
1386 1333 1614 1401 plorant.
1719 1343 1804 1384 245

101 1405 231 1475 quid
268 1406 492 1458 referam
530 1409 799 1475 expositos
841 1409 1048 1459 servato
1086 1406 1318 1476 pondere
1356 1407 1566 1458 mores?

101 1498 236 1550 quae
274 1483 467 1550 pietas,
507 1499 667 1550 quam
705 1482 810 1533 vile
849 1482 1076 1548 lucrum,
1117 1500 1251 1550 quae
1290 1499 1416 1534 cura
1452 1481 1692 1550 pudoris,

101 1558 334 1625 quantus
375 1573 523 1609 amor
560 1556 726 1608 recti?
788 1574 1099 1625 rursusque,
1139 1555 1232 1608 ubi
1272 1555 1422 1608 dulce
1461 1558 1681 1623 remitti,

99 1633 275 1700 gratia
314 1647 448 1699 quae
487 1630 680 1683 dictis?
743 1634 920 1683 animo
961 1648 1121 1699 quam
1157 1631 1310 1683 nulla
1349 1631 1625 1683 senectus?

99 1703 184 1757 his
224 1704 325 1757 tibi
363 1722 461 1774 pro
499 1707 703 1758 meritis
743 1705 939 1758 famam
977 1705 1263 1774 laudesque
1300 1705 1559 1774 benignas
1718 1716 1806 1756 250

99 1779 259 1832 iudex
298 1797 425 1832 cura
461 1779 617 1832 deum
655 1781 913 1849 nulloque
952 1798 979 1832 e
1018 1781 1234 1832 vulnere
1273 1782 1479 1832 tristem

103 1874 130 1900 :t
211 1875 236 1901 ³3
318 1875 342 1900 2
422 1874 448 1901 *
528 1875 555 1902 *
634 1875 660 1902 *
741 1875 767 1902 *
849 1875 1504 1902 *******

101 1932 378 1982 concessit.
440 1932 664 1999 raperis,
703 1932 938 1999 genitor,
976 1947 1087 1982 non
1126 1928 1341 1998 indigus
1383 1932 1518 1996 aevi,

100 2021 213 2056 non
249 2006 471 2071 nimius,
510 2006 772 2074 trinisque
811 2003 988 2056 decem
1027 2006 1392 2073 quinquennia
1431 2004 1614 2055 lustris

100 2080 285 2131 iuncta
321 2078 511 2131 ferens.
573 2078 663 2131 sed
700 2097 784 2131 me
821 2082 991 2166 pietas
1030 2095 1307 2130 numerare
1346 2077 1601 2147 dolorque

100 2170 213 2206 non
252 2155 403 2220 sinit,
444 2170 475 2205 o
515 2151 695 2223 Pylias
735 2156 851 2206 aevi
888 2152 1256 2206 transcendere
1295 2155 1460 2205 metas
1717 2164 1805 2205 255

101 2230 157 2281 et
193 2226 424 2280 Teucros
463 2245 688 2297 aequare
728 2246 900 2296 senes,
940 2246 972 2281 o
1012 2227 1171 2297 digne
1210 2226 1386 2280 videre

101 2319 188 2355 me
226 2302 476 2355 similem!
538 2302 629 2355 sed
666 2320 764 2356 nec
802 2303 896 2355 leti
934 2302 1035 2355 tibi
1072 2305 1234 2354 ianua
1271 2305 1463 2354 tristis:

222 2485 298 2522 sss
329 2492 470 2535 quam
497 2478 754 2524 Baehrens.
787 2492 881 2535 qus
972 2476 1109 2522 dulce
1141 2477 1173 2534 (1
1205 2491 1261 2523 ex
1292 2491 1313 2521 8
1337 2477 1421 2534 1¹)
1513 2484 1587 2520 888
1618 2475 1802 2521 Invida·

103 2536 232 2583 invia
263 2538 466 2583 Eumae
497 2541 620 2583 1885
646 2551 696 2595 p.
722 2541 805 2583 96·
838 2537 1010 2596 aegida
1042 2538 1240 2595 Saenyer
1369 2549 1579 2594 caperes.
1614 2548 1804 2581 caneres

102 2597 223 2644 odem
313 2605 388 2641 ηδ
419 2599 472 2641 tu
495 2596 582 2640 1¹:
616 2598 702 2642 tua
790 2605 860 2641 ul
893 2597 1138 2655 seiungere
1166 2611 1209 2641 c:
1243 2595 1283 2640 si
1306 2595 1499 2653 iungere
1590 2604 1664 2639 us
1687 2596 1736 2640 te
1761 2610 1804 2639 ο·

104 2657 155 2703 et
294 2665 366 2701 su
398 2655 562 2701 Iudex:
596 2655 766 2702 vindex
797 2657 864 2703 ed.
889 2657 1070 2702 Aldina
1212 2655 1415 2701 tristem.
1449 2656 1608 2700 tristes
1642 2654 1803 2701 Mark-

104 2715 295 2772 budiss-
334 2717 551 2763 lacunam
586 2717 753 2763 statuit
784 2716 1024 2763 Krohnius
1054 2722 1094 2762 et
1127 2716 1441 2762 Rothstemius
1474 2719 1592 2761 1900
1615 2729 1664 2773 p.
1691 2717 1803 2769 502;

105 2788 219 2846 8818
248 2776 388 2822 deum
418 2775 644 2845 nulloque
675 2775 830 2822 valere
858 2789 884 2822 8
908 2775 1096 2822 vulnere
1120 2774 1304 2820 tristem
1328 2774 1529 2833 Saenqer
1618 2782 1692 2819 86⁸
1723 2773 1805 2819 tri-

103 2834 272 2894 nisque
304 2851 353 2887 ςε
386 2834 621 2894 crinisque
