2034 3126
626 45 934 93 SILVARUN
966 46 1015 92 L.
1038 46 1095 102 Π,
1120 51 1160 90 2.
1188 49 1214 90 3
1694 43 1767 98 53

65 208 174 241 non
214 188 313 241 tibi
354 189 611 257 sepositas
649 186 838 238 infelix
876 185 1179 254 strangulat
1216 201 1337 236 arca
1682 195 1768 236 150

66 264 276 316 divitias
316 261 560 331 avidique
599 264 837 313 animum
876 258 1152 328 dispendia
1179 261 1434 328 torquent

65 339 286 391 fenoris:
326 339 554 406 expositi
593 353 779 388 census
821 337 874 387 et
912 334 1068 387 docta
1103 333 1315 386 fruendi

64 415 358 482 temperies-3.
417 429 529 463 non
567 411 680 462 ulla
717 409 813 462 deo
852 410 1071 462 meliore
1110 408 1392 461 cohaerent

64 491 300 556 pectora,
337 504 450 538 non
488 486 618 538 alias
658 484 840 536 docuit
879 481 1176 537 Concordia
1211 485 1414 535 mentes
1681 495 1768 536 154

67 583 93 609 *
159 582 183 608 *
248 582 277 609 *
338 581 364 608 *
430 579 455 606 *
520 579 546 606 *
612 581 636 606 *
702 578 727 606 *
794 578 819 606 *
883 577 911 607 *
974 578 1002 607 *
1067 576 1093 606 *
1157 578 1183 606 *
1249 578 1275 605 *
1340 577 1367 606 4²

65 636 250 689 discite
290 638 479 702 securi,
520 652 749 703 quorum
788 633 850 686 de
888 635 1101 702 pectore
1139 635 1336 685 mixtae
1684 644 1768 684 143

63 714 122 764 in
161 712 386 780 longum
423 713 592 762 coiere
630 709 769 761 faces
811 711 1129 777 sanctusque
1167 707 1388 777 pudicae

66 789 240 838 servat
278 787 539 837 amicitiae
577 785 721 852 leges
762 801 924 836 amor.
984 785 1059 835 ite
1096 800 1192 851 per
1231 800 1398 835 annos

67 861 379 930 saeculaque
418 861 471 912 et
507 861 712 928 priscae
750 859 939 910 titulos
978 857 1275 926 praecedite
1312 857 1497 910 famae.
1684 868 1769 909 146

864 1065 959 1119 ΙΠ.

521 1181 731 1227 ΑΒΒΟΒ,
762 1181 971 1227 ATEDII
1001 1181 1304 1228 MELIORIS.

65 1292 204 1361 Stat,
245 1311 380 1362 quae
418 1295 723 1362 perspicuas
762 1291 922 1344 nitidi
959 1289 1198 1343 Melioris
1239 1294 1426 1360 opacet

63 1369 221 1421 arbor
260 1387 423 1437 aquas
463 1367 740 1436 complexa
776 1367 944 1434 lacu8‚
985 1383 1119 1435 quae
1158 1365 1348 1418 robore
1387 1366 1453 1418 ab
1492 1369 1601 1418 imo

62 1446 341 1496 incurvata
376 1442 523 1495 vadis
562 1441 700 1494 redit
729 1441 853 1494 inde
891 1443 1163 1493 cacumine
1199 1443 1344 1494 recto

63 1518 248 1586 ardua,
289 1536 383 1570 ceu
421 1516 608 1570 mediis
639 1519 835 1569 iterum
870 1518 1122 1568 nascatur
1160 1515 1226 1568 ab
1265 1515 1422 1568 undis

63 1596 222 1662 atque
254 1592 459 1645 habitet
495 1594 725 1644 vitreum
762 1593 938 1643 tacitis
978 1589 1244 1643 radicibus
1284 1608 1508 1643 amnem.
1743 1603 1769 1643 5

0 1723 3 1726 ,
65 1667 195 1738 quid
232 1666 509 1720 Phoebum
546 1669 657 1719 tam
694 1683 860 1735 parva
896 1666 1117 1735 rogem?
1157 1683 1251 1719 vos
1292 1665 1450 1718 dicite
1489 1650 1695 1734 causas,

62 1740 284 1811 NaideS,
324 1745 377 1795 et
413 1742 616 1809 faciles,
658 1744 786 1793 satis
827 1743 928 1808 est,
969 1740 1088 1793 date
1127 1743 1362 1793 carmina
1398 1739 1586 1793 Fauni.

0 1827 3 1829 ’
174 1817 533 1886 nympharum
571 1819 781 1869 tenerae
820 1815 1099 1885 fugiebant
1137 1814 1285 1868 Pana
1323 1817 1583 1884 catervae3

63 1893 156 1945 ille
197 1891 411 1961 quidem
448 1894 506 1959 it,
546 1894 763 1944 cunctas
802 1893 1075 1960 tamquam
1106 1891 1249 1958 velit,
1288 1893 1333 1942 it
1363 1893 1543 1943 tamen
1572 1908 1736 1943 unam

2 1980 13 1998 ⁸
62 1970 120 2020 in
159 1965 414 2020 Pholoen.
478 1966 625 2019 silvis
666 1984 727 2018 ea
764 1964 1180 2034 fluminibusque
1221 1967 1488 2034 sequentis
1715 1976 1770 2018 10

0 2045 12 2092 ἰ
61 2060 206 2095 nunc
243 2041 414 2094 hirtos
453 2059 691 2110 gressus,
728 2059 874 2093 nunc
910 2039 1156 2110 improba
1194 2058 1394 2093 cornua
1430 2042 1579 2093 vitat.

9 2102 18 2125 ⁸
60 2119 273 2186 iamque
312 2119 365 2169 et
402 2115 719 2186 belligerum
756 2114 874 2168 Iani
910 2133 1096 2168 nemus
1138 2117 1356 2184 atraque
1396 2112 1520 2167 Caci

62 2208 188 2244 rura
226 2190 633 2260 Quirinalesque
670 2190 802 2260 fuga
841 2208 1098 2260 suspensa
1134 2208 1230 2259 per
1269 2207 1425 2259 agros

181 2361 250 2396 151
283 2351 526 2408 avidique:
566 2350 750 2397 avidive
781 2366 809 2402 ς
899 2358 973 2395 168
1005 2350 1092 2395 deo
1124 2351 1175 2395 in
1206 2364 1299 2396 ras.
1324 2349 1392 2394 11¹
1483 2359 1555 2395 154
1588 2350 1769 2396 docuit:

63 2410 224 2458 decuit
254 2427 283 2463 5
373 2417 476 2469 post
503 2426 545 2457 v.
563 2414 652 2457 154
682 2411 767 2457 lac.
783 2412 948 2456 statuit
971 2411 1277 2457 Romanus
1306 2413 1430 2457 1906
1451 2424 1494 2468 p.
1514 2414 1584 2456 43.
1618 2416 1772 2456 tamen

14 2482 18 2486 ·
63 2471 232 2518 discite
264 2485 357 2517 non
389 2476 481 2529 eyet
512 2472 681 2517 obiecto
769 2479 841 2515 lu
873 2472 1085 2529 pectore:
1117 2470 1306 2516 foedere
1335 2470 1536 2529 Saenqer

181 2530 259 2577 111.
290 2541 311 2576 1
343 2544 484 2588 quae:
517 2544 613 2588 qua
637 2530 956 2577 Phillimorius
985 2532 1053 2588 (at
1083 2531 1231 2577 obstat
1262 2543 1379 2588 opac
1400 2545 1424 2575 e
1446 2532 1484 2588 t)
1577 2532 1767 2588 opacet.

63 2594 234 2649 opacat
263 2607 291 2642 5
382 2600 406 2635 2
438 2604 581 2647 quae:
614 2604 698 2636 cur
726 2592 898 2649 (minus
923 2596 1033 2695 ἄιτα
1063 2593 1174 2648 quo)
1204 2592 1261 2636 ci.
1286 2591 1554 2659 Postqatius
1643 2598 1668 2634 8
1699 2590 1771 2635 in-

63 2653 255 2696 curvata
285 2652 555 2709 (accur-vata
579 2650 862 2709 Politianus)
893 2665 921 2695 v
1005 2664 1027 2694 s
1059 2665 1108 2701 ς·
1141 2648 1342 2695 Cur-vata
1369 2649 1502 2695 vadis
1527 2649 1680 2708 (nodis
1704 2649 1773 2694 1¹

62 2652 963 2827 Ζαᾜὶὲεὲἕιέ“ἷῗῗὲῗωῗι)““ἕῖηῗέῗ
981 2710 1770 2815 ffsscssgzeomopgeggrggggm

62 2838 89 2874 0
118 2832 382 2887 tamquam·
423 2842 710 2888 quamquam
745 2830 1062 2876 Marklandus
1098 2830 1216 2875 male
1366 2831 1406 2875 it
1445 2832 1604 2875 tamen
1635 2845 1683 2880 ς.
1723 2832 1772 2877 et

64 2892 222 2937 tamen
315 2899 362 2936 10
385 2903 442 2939 ca
468 2890 803 2938 Marklanduez
837 2892 906 2936 et·
939 2889 1055 2935 haec
1082 2904 1126 2934 n
1148 2890 1202 2936 in
1225 2904 1333 2950 mys
1361 2890 1443 2936 sed
1468 2890 1712 2938 Krohm'ua
