2034 3126
224 64 331 108 XIV
900 62 1244 108 PRAEFATIO

225 205 378 253 Italia
417 203 657 265 scriptum
690 219 816 266 esse,
855 203 909 251 id
941 204 1074 265 quod
1104 203 1332 251 firmatur
1361 203 1592 252 Hirtzelii
1622 205 1925 266 testimonio,

226 279 311 342 qui
350 278 534 326 librum
572 278 626 325 in
656 277 868 326 Krohnii
906 294 1046 326 usum
1090 271 1304 325 excussit
1343 294 1550 340 eumque
1585 279 1729 327 alteri
1761 281 1925 341 quinti

226 353 404 400 decimi
434 352 617 414 saeculi
642 351 848 400 dimidio
872 351 1063 399 tribuit.
1102 353 1230 400 teste
1255 351 1427 399 eodem
1449 352 1732 400 litterarum
1755 354 1924 401 initia-

223 428 347 475 lium
388 428 683 475 ornamenta
712 426 898 473 Italum
938 426 1152 487 sapiunt.
1217 425 1356 487 quini
1395 429 1445 473 et
1475 427 1638 475 viceni
1667 442 1839 475 versus
1869 429 1923 474 in

223 517 524 564 unaquaque
559 499 746 564 pagina
778 501 988 548 exstant.
1052 501 1249 548 constat
1280 499 1429 548 codex
1460 503 1575 562 post
1605 501 1819 563 primum
1849 503 1923 549 fo-

222 576 348 624 lium
395 574 644 636 scriptura
690 589 903 622 vacuum
951 573 1322 637 agglutinatum
1362 576 1547 636 septem
1589 575 1923 638 quinionibus,

222 666 323 698 uno
356 649 696 711 quaternione,
727 663 826 696 uno
857 649 1041 695 unione
1075 649 1392 711 continetque
1419 647 1580 697 Silvas
1609 650 1754 709 solas,
1786 650 1922 698 nullo

222 724 373 772 titulo
400 723 570 771 addito
596 738 686 770 nec
711 722 874 784 spatio
900 723 1006 769 eius
1030 722 1220 783 relicto,
1245 738 1399 784 usque
1425 722 1488 770 ad
1512 722 1616 784 V5,
1633 725 1717 784 21,
1743 724 1922 785 quibus

221 800 470 846 recentior
499 812 677 844 manus
709 796 924 859 Anglica
956 796 1144 844 saeculi
1173 797 1479 858 insequentis
1505 796 1568 844 ad
1592 798 1921 860 supplendum

222 872 435 937 paginae
486 871 705 933 spatium
751 870 797 914 V
824 871 871 932 5,
899 871 1129 918 22—36
1177 886 1234 918 ex
1274 870 1440 920 codice
1479 872 1675 920 novicio
1717 871 1921 921 addidit.

224 947 396 995 eadem
437 939 542 1012 (ΙΨ)
584 958 770 1008 paucas
803 947 1106 992 correcturas
1139 943 1415 1007 adscripsit.
1478 945 1578 993 fuit
1608 946 1736 994 liber
1768 962 1922 1008 quon-

223 1021 339 1069 dam
370 1021 422 1068 in
453 1019 755 1068 bibliotheca
789 1020 1007 1081 episcopi
1038 1019 1250 1068 Barlow.

297 1095 525 1157 sequitur
563 1087 732 1144 codex
770 1087 1040 1142 Budensis
1082 1085 1172 1159 (B)
1215 1093 1336 1141 olim
1374 1093 1545 1142 Budae
1585 1095 1638 1141 in
1676 1094 1920 1143 Matthiae

225 1169 426 1218 Corvini
472 1168 603 1232 regis
650 1167 956 1215 bibliotheca
1001 1170 1250 1229 servatus,
1297 1167 1472 1216 deinde
1514 1167 1646 1216 inter
1683 1168 1920 1217 Iohannis

220 1242 491 1292 Alexandri
539 1242 846 1302 Brassicani,
892 1242 1184 1303 professoris
1234 1241 1484 1304 quondam
1521 1242 1919 1291 Vindobonensis

221 1318 390 1380 libros,
419 1333 550 1365 nunc
573 1318 625 1364 in
651 1315 951 1364 bibliotheca
974 1315 1209 1364 Palatina
1231 1315 1605 1365 Vindobonensi
1632 1318 1737 1366 140
1763 1311 1922 1384 (apud

221 1392 572 1440 Endlicherum
601 1384 746 1456 252).
791 1390 1112 1453 quinionibus
1138 1392 1439 1454 compositus
1465 1393 1559 1451 est3
1585 1392 1809 1455 singulas
1832 1409 1918 1455 pa-

221 1468 364 1530 ginas
404 1466 585 1514 triceni
623 1466 727 1514 seni
766 1480 936 1513 versus
970 1465 1241 1527 complent,
1280 1465 1595 1514 involucrum
1626 1465 1766 1514 rubri
1800 1466 1921 1514 corii

219 1541 393 1604 putide
433 1541 532 1589 fere
574 1555 694 1588 auro
728 1542 959 1587 ornatum
990 1539 1189 1588 exhibet
1219 1538 1425 1587 titulum
1458 1538 1650 1588 SILVE
1686 1539 1921 1602 STATII,

219 1632 336 1664 nam
369 1615 503 1664 solae
537 1613 703 1663 Silvae
735 1614 830 1662 hoc
860 1613 987 1661 libro
1020 1613 1156 1662 foliis
1185 1614 1251 1662 56
1280 1614 1607 1662 continentur.
1663 1616 1921 1677 proprium

220 1692 390 1738 autem
421 1691 529 1738 erat
559 1687 773 1751 librarii,
806 1688 894 1750 qui
925 1687 1058 1736 hunc
1090 1688 1312 1736 codicem
1345 1689 1589 1750 exaravit,
1621 1689 1920 1752 ubicumque

220 1764 340 1826 quid
371 1764 420 1812 in
457 1763 727 1825 exemplari
759 1778 846 1811 suo
878 1763 1042 1810 minus
1076 1762 1308 1811 distincte
1334 1765 1623 1811 accurateve
1647 1762 1920 1826 legebatur,

220 1841 438 1902 spatium
476 1838 757 1900 relinquere
796 1837 1086 1899 plerumque
1126 1838 1290 1884 maius
1332 1853 1482 1900 quam
1514 1839 1572 1885 ut
1601 1837 1723 1899 ipsis
1755 1837 1919 1886 verbis

218 1930 370 1962 manu
403 1912 659 1960 simillima
691 1911 876 1959 additis
909 1911 1202 1973 expleretur.
1250 1911 1381 1960 hunc
1405 1913 1731 1959 correctorem
1755 1904 1918 1979 (Bffim)

219 1988 386 2050 ipsum
431 1987 626 2035 librarii
674 1986 926 2048 exemplar
969 1987 1084 2033 ante
1125 1985 1291 2034 oculos
1331 1985 1562 2034 habuisse
1603 1988 1791 2034 certum
1829 1988 1918 2035 est.

220 2063 393 2110 contra
425 2077 552 2124 quae
582 2062 758 2123 postea
789 2060 840 2106 in
866 2059 1032 2108 codice
1059 2059 1363 2109 emendando
1389 2062 1617 2124 grassata
1644 2063 1719 2109 est
1742 2076 1917 2109 manus

220 2130 355 2202 (132),
395 2135 549 2184 variis
586 2151 700 2184 eum
733 2133 1026 2183 coniecturis
1064 2134 1311 2196 foedavit,
1350 2149 1475 2196 quas
1509 2150 1619 2182 cum
1651 2136 1832 2182 mirum
1863 2135 1916 2182 in

217 2210 418 2258 modum
451 2225 562 2257 cum
586 2209 922 2272 Rehdigerani
946 2208 1244 2257 lectionibus
1269 2208 1619 2270 consentirent,
1650 2211 1917 2257 maximam

217 2287 410 2347 partem
444 2300 503 2331 ex
534 2284 622 2331 illo
654 2283 783 2331 libro
815 2282 1013 2331 fluxisse
1045 2283 1147 2330 iam
1181 2282 1301 2331 Otto
1333 2282 1516 2331 Miiller
1547 2283 1824 2345 adnotavit,
1856 2284 1915 2332 cf.

219 2360 323 2407 eius
366 2359 674 2420 Quaestiones
705 2356 960 2406 Statianae
1003 2358 1141 2405 1861
1183 2374 1231 2419 p.
1261 2358 1290 2406 5
1333 2357 1443 2406 adn.
1505 2358 1678 2419 paucis
1717 2359 1917 2406 tantum

219 2434 338 2482 locis
385 2434 536 2480 tertia
581 2446 757 2479 manus
805 2431 1042 2493 occurrit,
1091 2447 1240 2494 quam
1282 2431 1567 2480 Brassicani
1606 2447 1711 2481 esse
1752 2434 1916 2480 censet

217 2508 484 2555 Krohnius.

290 2584 344 2630 in
376 2581 548 2630 eadem
580 2596 678 2642 qua
701 2579 947 2628 Budensis
977 2579 1282 2628 bibliotheca
1313 2580 1443 2628 alius
1477 2579 1628 2628 codex
1653 2579 1785 2628 Stati
1815 2595 1913 2628 ser-

217 2658 381 2718 vatur,
412 2670 616 2704 numero
653 2657 718 2703 76
752 2654 1020 2718 insignitus
1053 2647 1211 2720 (apud
1235 2654 1588 2703 Endlicherum
1614 2647 1761 2720 251),
1794 2654 1914 2701 olim

215 2733 347 2779 inter
377 2725 821 2795 salisburgenses
857 2730 886 2776 2
923 2722 1020 2795 (S).
1067 2728 1148 2776 hic
1180 2730 1375 2776 constat
1404 2729 1487 2777 fol.
1516 2728 1638 2789 206,
1671 2727 1788 2777 altis
1820 2729 1912 2776 cir-

217 2806 339 2854 citer
373 2806 457 2865 30,
484 2805 514 2853 5
534 2820 624 2865 cm,
655 2803 772 2851 latis
809 2805 892 2864 18,
912 2804 940 2852 5
961 2818 1050 2866 cm,
1085 2818 1213 2865 quae
1246 2802 1566 2865 quinionibus
1598 2802 1751 2850 ferme
1783 2817 1913 2850 com-

215 2882 365 2943 pacta
397 2881 525 2927 sunt.
574 2879 771 2926 exstant
801 2879 971 2925 autem
994 2878 1047 2924 in
1073 2893 1129 2925 eo
1156 2877 1260 2925 sola
1287 2876 1420 2925 Stati
1445 2892 1594 2939 opera
1619 2892 1676 2924 ac
1700 2875 1911 2924 Thebais
