2034 3126
265 43 337 97 74
871 44 923 88 P.
947 44 1153 89 PAPINI
1185 44 1359 90 STATI

265 182 476 234 delituit
516 182 717 233 caelum
758 184 809 233 et
850 181 1038 234 subitis
1078 183 1172 233 lux
1211 184 1431 236 candida
1470 187 1626 236 cessit

262 256 493 308 nubibus
536 274 594 308 ac
633 258 807 308 tenuis
848 260 1089 324 graviore
1127 257 1371 310 favonius
1413 261 1592 311 austro

261 330 564 398 immaduit3
605 331 815 398 qualem
854 329 1053 399 Libyae
1093 330 1341 384 Saturnia
1377 334 1620 398 nimbum

263 406 465 472 attulit,
504 404 666 457 Iliaco
707 405 833 456 dum
872 405 1014 458 dives
1055 405 1232 458 Elissa
1268 411 1458 460 marito

263 480 490 532 donatur
527 482 792 548 testesque
830 481 1042 531 ululant
1079 499 1173 549 per
1212 481 1362 534 devia
1397 483 1676 551 nymphae.
1905 497 1958 537 75

262 554 591 623 diffugimuS,
631 554 896 622 festasque
937 554 1094 623 dapes
1134 556 1479 626 redimitaque
1517 561 1642 608 vina

261 629 533 697 abripiunt
571 629 779 696 famuli,
818 647 914 681 nec
954 647 1059 698 quo
1099 634 1340 683 convivia
1376 634 1628 700 migrent,

262 706 501 773 quamvis
541 706 847 755 innumerae
886 704 1172 772 gaudentia
1209 724 1333 757 rura
1373 725 1595 775 superne

259 777 497 830 insedere
537 777 722 830 domus
765 780 816 829 et
853 780 1023 831 multo
1065 780 1293 832 culmine
1333 781 1475 833 dives

259 871 412 905 mons
451 855 609 904 nitet:
648 855 907 904 instantes
950 853 1039 905 sed
1076 858 1319 922 proxima
1357 873 1603 924 quaerere
1641 857 1810 908 nimbi
1902 869 1958 909 80

261 926 552 979 suadebant
589 928 823 995 laesique
860 927 988 979 fides
1028 928 1262 981 reditura
1301 933 1482 983 sereni.

262 1002 437 1054 stabat
477 1001 616 1054 dicta
655 1005 789 1053 sacri
827 1004 1001 1054 tenuis
1043 1021 1164 1055 casa
1199 1008 1414 1057 nomine
1452 1007 1639 1074 templi

263 1079 315 1128 et
352 1095 609 1144 magnum
646 1073 872 1128 Alciden
909 1077 1101 1129 humili
1139 1079 1248 1130 lare
1286 1097 1451 1148 parva
1486 1080 1777 1149 premebat,

259 1151 572 1219 fluctivagos
612 1153 802 1203 nautas
845 1154 1265 1222 scrutatoresque
1303 1154 1556 1222 profundi
1919 1218 1923 1221 q

257 1229 346 1278 vix
386 1229 589 1294 operire
629 1243 806 1294 capax.
868 1226 972 1278 huc
1012 1231 1182 1280 omnis
1223 1229 1382 1281 turba
1419 1233 1642 1298 coimUS,
1901 1244 1956 1283 85

257 1301 362 1352 huc
402 1301 587 1368 epulae
627 1300 864 1368 ditesque
904 1304 1009 1353 tori
1049 1305 1331 1371 coetusque
1369 1306 1675 1356 ministrum

260 1378 527 1444 stipantur
564 1374 867 1443 nitidaeque
908 1376 1093 1428 cohors
1134 1380 1438 1446 gratissima
1475 1378 1671 1432 Pollae.

255 1468 366 1502 non
406 1468 585 1518 cepere
624 1450 784 1517 fores,
826 1452 1156 1519 angustaque
1195 1452 1370 1505 deficit
1408 1453 1574 1506 aedes,

259 1525 469 1576 erubuit
507 1526 729 1592 risitque
769 1524 894 1576 deus
936 1525 1228 1595 dilectaque
1267 1526 1408 1580 Polli

258 1599 414 1652 corda
454 1599 597 1651 subit
634 1598 948 1668 blandisque
987 1603 1161 1653 virum
1200 1603 1568 1671 complectitur
1606 1604 1764 1656 1111118.
1901 1617 1957 1656 90

260 1673 442 1741 ‘tune',
481 1675 679 1742 inquit,
722 1674 964 1743 ‘largitor
1004 1693 1186 1744 opum,
1228 1680 1319 1745 qui
1357 1679 1532 1729 mente
1569 1678 1789 1746 profusa

256 1751 396 1800 tecta
431 1747 708 1800 Dicarchei
739 1751 937 1817 pariter
974 1752 1321 1820 iuvenemque
1359 1753 1575 1820 replesti

256 1823 668 1892 Parthenopen?
730 1826 914 1876 nostro
956 1827 1047 1892 qui
1086 1827 1168 1877 tot
1206 1826 1423 1895 fastigia
1460 1830 1652 1896 monti,

256 1900 338 1950 tot
376 1897 568 1950 virides
609 1898 779 1965 111008,
820 1900 902 1950 tot
942 1917 1067 1950 saxa
1103 1902 1370 1952 imitantia
1407 1902 1586 1954 vultus

256 1990 499 2040 aeraque,
539 1974 622 2024 tot
662 1975 857 2041 scripto
897 1976 1132 2026 viventes
1173 1976 1373 2027 lumine
1413 1994 1553 2028 ceras
1899 1990 1954 2029 95

255 2047 456 2099 fixisti?
520 2046 648 2115 quid
688 2051 828 2099 enim
857 2050 963 2099 ista
1002 2048 1209 2117 (10111118,
1251 2050 1379 2118 quid
1417 2053 1576 2118 terra,
1616 2055 1927 2120 priusquam

255 2124 308 2173 te
347 2121 620 2191 gauderet,
662 2123 845 2173 erant?
907 2123 1070 2192 longo
1111 2126 1170 2175 tu
1209 2127 1420 2176 tramite
1458 2125 1628 2178 nudos

254 2198 435 2248 texisti
475 2196 720 2264 scopulos
730 2237 743 2265 ‚
783 2197 1058 2266 fueratque
1096 2198 1189 2250 ubi
1230 2202 1416 2251 semita
1453 2202 1683 2268 tantum,

254 2289 398 2323 nunc
436 2271 537 2323 tibi
577 2270 840 2323 distinctis
882 2274 988 2324 stat
1025 2276 1261 2341 porticus
1303 2275 1412 2325 alta
1450 2276 1731 2343 columniS,

376 2469 420 2504 71
450 2459 654 2505 Delituit
683 2477 746 2505 m:
784 2460 982 2506 Dilicuit
1132 2462 1356 2508 candida:
1390 2464 1580 2508 condita
1611 2466 1836 2510 Heinsius

258 2530 304 2564 72
338 2533 393 2565 ac
426 2535 472 2570 5:
508 2522 559 2564 at
681 2529 727 2564 78
758 2520 916 2578 libyae
948 2537 1012 2565 m:
1043 2521 1195 2565 librae
1311 2532 1356 2565 77
1389 2523 1645 2581 Abripiunt
1674 2529 1806 2569 recte:
1841 2525 1955 2569 arri-

255 2580 395 2637 piunt
427 2595 454 2629 ς
568 2585 675 2637 post
703 2595 743 2624 v.
771 2585 794 2623 7
802 2585 824 2624 7
860 2581 942 2626 lae.
967 2582 1132 2627 statuit
1162 2583 1477 2628 Rothsteinius
1510 2588 1630 2628 1900
1653 2599 1703 2641 p.
1731 2587 1842 2639 5023
1881 2586 1954 2629 in-

257 2641 427 2698 telleye:
460 2653 547 2684 nec
579 2645 642 2684 est
673 2653 764 2695 quo
797 2654 880 2697 eqs.
1007 2649 1053 2684 78
1087 2640 1328 2694 Quamvis:
1363 2643 1593 2687 cernimus
1626 2645 1679 2688 ei.
1706 2645 1955 2688 Daviesius

256 2701 372 2743 male
479 2707 526 2742 82
559 2699 700 2743 sacri:
735 2700 879 2744 sacris
915 2701 1228 2745 Marklandus
1333 2710 1382 2745 86
1415 2705 1666 2759 coetusque
1699 2717 1745 2752 ςε
1780 2702 1952 2747 coitus-

257 2772 347 2815 que
498 2767 544 2801 91
584 2761 741 2803 mente
780 2774 823 2802 m
863 2761 936 2816 (‘?):
980 2762 1140 2804 menta
1290 2769 1339 2804 ⁹2
1380 2762 1634 2806 dicarchei:
1674 2762 1954 2807 Dicaearchi

257 2819 500 2862 Krohnius
613 2818 940 2875 iuvenemque:
972 2819 1229 2875 mitemque
1261 2821 1572 2866 Mart-landus
1682 2830 1732 2865 ⁹4
1763 2822 1953 2866 imitan-

255 2877 326 2921 tia
358 2892 406 2927 5:
439 2877 662 2923 mitantia
752 2887 799 2921 97
835 2880 988 2923 erant:
1023 2880 1125 2924 erat
1155 2880 1355 2924 Aldina:
1390 2894 1467 2925 ero
1500 2882 1734 2926 Baehrens
