2034 3126
433 97 776 143 PRAEFATIO
808 95 1114 141 EDITIONIS
1144 96 1445 143 ALTERIUS
1559 98 1792 144 LXXXIII

86 244 213 302 tent,
235 242 405 290 uta-um
427 234 478 289 Μ
502 238 654 287 codex
676 238 765 286 ille
785 238 1071 302 Poggianus
1097 237 1178 298 sit,
1204 254 1351 300 quem
1376 255 1465 301 per
1481 239 1792 290 Brandinum

87 315 323 364 Pisanum
368 314 588 378 Poggius
633 314 685 360 in
728 312 933 361 Italiam
977 314 1139 370 misit,
1186 328 1250 361 an
1298 313 1402 362 eius
1450 316 1790 379 apographon.

87 389 207 453 quid
239 389 372 452 quod
404 387 810 437 Wachsmuthius
841 388 873 436 l.
899 387 931 435 l.
948 404 995 450 p.
1015 388 1121 436 203
1153 386 1319 449 ipsum
1352 390 1614 450 antiquum
1645 390 1790 439 illum

88 465 308 513 codicem
338 463 503 512 nescio
534 462 620 510 ubi
651 463 706 510 in
727 460 963 511 Helvetia
993 464 1247 524 repertum
1274 462 1327 509 in
1349 462 1551 510 Italiam
1583 464 1790 513 missum

88 554 193 587 esse
233 535 524 588 contendit?
586 551 685 598 qua
723 538 777 584 in
815 551 869 585 re
900 537 1166 586 manifesto
1200 539 1345 585 errat.
1408 552 1524 585 nam
1558 553 1670 586 eum
1702 540 1798 600 quiv

87 613 305 662 codicem
336 612 387 660 in
411 611 614 660 Italiam
637 611 848 659 missum
870 611 1296 673 transcripserit,
1326 610 1791 675 ignorantissimum

86 688 306 736 omnium
322 687 421 735 viv
430 703 457 735 e
467 703 499 733 n
508 685 660 734 tium
677 686 831 734 fuisse
841 685 1061 750 Poggius
1070 688 1300 735 testatur.
1334 702 1463 748 quae
1470 690 1578 734 tum
1589 687 1788 736 demum

83 765 221 811 recto
258 762 365 810 talo
404 763 563 821 stant,
605 760 647 808 si
688 760 748 809 de
787 760 1076 825 apographo
1117 760 1221 808 eius
1260 762 1400 809 iussu
1438 761 1573 810 facto
1606 763 1789 827 agitur,

86 852 186 885 non
218 836 277 884 de
309 837 419 899 ipso
451 836 658 897 antiquo
690 834 872 884 codice.

157 912 316 976 igitur
346 910 670 974 apographon
700 909 882 974 Poggii
913 909 1049 958 iussu
1082 925 1112 957 a
1142 909 1349 958 librario
1381 909 1642 960 Helvetico
1675 927 1787 961 con-

82 986 267 1034 fectum
313 1001 405 1048 per
440 984 751 1033 Brandinum
798 1000 928 1033 anno
968 985 1048 1032 vel
1090 986 1230 1032 1417
1274 987 1482 1033 exeunte
1521 986 1601 1034 vel
1644 987 1788 1036 1418

82 1059 285 1108 ineunte
309 1059 574 1108 Francisco
599 1058 822 1108 Bai-baro
853 1061 1060 1108 missum
1085 1062 1174 1121 est,
1207 1060 1295 1121 qui
1319 1059 1528 1108 'Nicolao
1554 1060 1788 1110 traderet.

82 1134 216 1198 apud
255 1150 403 1197 quem
439 1150 530 1197 per
566 1134 965 1196 quattuordecim
997 1149 1154 1183 annos
1185 1134 1288 1182 fuit
1319 1149 1375 1182 ae
1408 1150 1470 1183 ne
1500 1130 1554 1183 id
1586 1134 1787 1198 quidem

8 1222 17 1227 ’
84 1212 304 1270 constat,
342 1211 510 1257 utrum
548 1211 724 1271 postea
764 1208 828 1257 ad
858 1208 1106 1273 Poggium
1146 1223 1236 1257 sua
1264 1211 1574 1271 repetentem
1585 1204 1628 1276 1)
1659 1209 1790 1259 liber

81 1284 289 1332 redierit
326 1299 491 1332 necne.
554 1286 687 1332 certe
718 1299 829 1332 cum
860 1283 1079 1348 Poggius
1111 1283 1379 1347 diligenter
1411 1299 1463 1333 se
1496 1284 1676 1333 Silium
1707 1301 1787 1335 us-

6 1342 14 1364 *
82 1374 176 1421 que
217 1358 282 1407 ad
316 1358 499 1406 librum
531 1357 656 1406 XIII
688 1357 973 1407 emendasse
1005 1358 1207 1419 dixerit,
1246 1358 1474 1421 sequitur
1503 1362 1562 1407 ut
1592 1375 1682 1408 nec
1714 1375 1786 1408 se-

7 1451 14 1486 5
83 1435 291 1496 quentes
339 1432 431 1481 Sili
484 1432 638 1481 libros
688 1448 779 1481 nec
823 1433 1090 1482 Manilium
1139 1432 1456 1496 Statiumque
1505 1435 1786 1483 correxerit.

84 1523 388 1570 quamquam
419 1508 501 1556 hic
530 1507 637 1556 illic
668 1522 779 1555 eum
813 1508 1058 1570 quaedam
1092 1508 1378 1556 emendasse
1401 1525 1501 1558 non
1525 1509 1786 1573 negaveris

91 1608 149 1615 -
193 1582 366 1631 doctus
408 1583 541 1631 enim
578 1581 726 1631 homo
764 1585 875 1631 erat
903 1597 993 1631 nec
1026 1598 1196 1631 eorum
1229 1598 1356 1645 quae
1389 1587 1680 1646 reppererat
1711 1586 1785 1632 in-

259 1803 324 1843 1:
357 1799 530 1845 EOVS
550 1824 560 1832 ·
587 1799 922 1845 MAXIMVS
946 1802 952 1857 Ι
979 1800 1399 1845 DOMITIANI·
1425 1801 1566 1846 IMP

263 1863 325 1904 11:
359 1860 542 1905 Aeneas
570 1872 711 1916 eqmas
741 1861 973 1904 mamimus
1004 1860 1272 1905 Domitiani

283 1923 326 1963 1:
360 1919 527 1976 Equus
555 1920 787 1964 maximus
818 1920 1086 1964 Domitiani
1115 1920 1320 1978 Augusti

270 1982 326 2028 Q:
365 1979 527 2036 Equus
555 1980 786 2024 maximus
816 1979 953 2024 Dom.
982 1979 1206 2025 Caesaris.
1224 2015 1234 2026 .

16 2078 18 2081 '
81 2069 163 2115 sed
197 2068 370 2113 dixeris
400 2068 502 2112 iure
533 2067 815 2125 postliminii
846 2068 1020 2113 formas
1053 2068 1322 2114 Matritensi
1351 2069 1594 2127 propiores
1625 2069 1676 2114 in
1707 2084 1786 2115 eos

81 2128 227 2174 libros
259 2127 523 2186 inrepsisse.
557 2129 609 2172 at
637 2128 871 2184 quomodo
903 2128 1186 2186 explicanda
1215 2129 1357 2173 lectio
1390 2129 1566 2174 codicis
1600 2134 1635 2172 G
1661 2130 1726 2174 IV
1743 2135 1788 2187 2,

17 2230 18 2233 ,
81 2193 138 2234 86
172 2189 357 2246 sladem,
387 2187 428 2232 si
460 2201 516 2232 ex
545 2187 651 2244 ipso
682 2187 949 2233 Matritensi
980 2188 1062 2233 ille
1093 2188 1214 2232 liber
1244 2188 1554 2246 transcriptus
1586 2191 1688 2235 est?
1718 2189 1787 2235 le-

17 2283 23 2298 .
132 2252 211 2294 tur
232 2248 359 2293 enim
382 2248 430 2292 in
455 2252 501 2291 Ι
522 2247 659 2302 flaca
681 2248 811 2305 (item
835 2249 884 2292 in
909 2254 985 2303 ω).
1010 2249 1059 2292 in
1085 2249 1244 2293 codice
1263 2254 1297 2292 G
1321 2249 1352 2293 d
1377 2248 1436 2292 ab
1461 2249 1565 2306 ipso
1591 2249 1786 2296 librario

15 2340 22 2346 -
80 2264 290 2354 deletum
320 2310 407 2363 est,
438 2307 519 2363 qui
549 2310 795 2365 praeterea
825 2308 875 2352 in
905 2308 1119 2367 margine
1151 2308 1526 2354 emendationem
1560 2310 1679 2357 daca
1701 2311 1785 2354 ad-

19 2366 21 2372 ’
82 2368 278 2414 notavit.
310 2368 475 2413 eadem
507 2366 745 2412 invenitur
774 2368 824 2412 in
856 2368 1024 2413 ceteris
1056 2367 1267 2413 familiae
1290 2384 1323 2427 γ
1355 2368 1610 2413 codicibus.
1642 2369 1785 2416 lectio

82 2461 240 2503 autem
271 2456 358 2502 illa
387 2455 555 2513 sladca
586 2457 713 2501 haud
746 2457 889 2503 dubie
920 2472 976 2503 ex
1007 2457 1094 2502 tali
1126 2457 1334 2516 imagine
1365 2460 1479 2503 nata
1511 2461 1600 2503 est:
1634 2434 1781 2515 flgca.

83 2517 245 2575 itaque
276 2518 316 2562 ei
348 2516 454 2573 quis
480 2520 515 2560 (³
546 2530 639 2562 non
667 2530 723 2562 ex
746 2517 850 2576 ipso
874 2517 1142 2563 Matritensi
1165 2518 1496 2576 transcriptum
1525 2533 1624 2563 esse
1649 2522 1785 2564 autu-

81 2577 292 2633 mverst,
323 2591 417 2622 non
446 2590 653 2622 renuam.
701 2580 862 2623 tamen
892 2577 1007 2635 quin
1038 2578 1280 2635 exemplar
1308 2578 1420 2623 libri
1446 2583 1479 2621 G
1512 2579 1638 2635 quod
1670 2582 1786 2624 tunc

80 2637 206 2682 inter
230 2641 275 2680 Ι
306 2640 354 2681 et
378 2641 413 2680 G
443 2636 834 2694 interponendum
867 2640 952 2693 est,
984 2651 1040 2683 ex
1063 2638 1333 2684 Matritensi
1357 2638 1666 2694 descenderit,
1698 2639 1784 2684 du-

81 2695 226 2743 bitari
261 2696 438 2754 nequit.
472 2709 614 2753 qnam
646 2697 706 2742 ob
737 2710 835 2742 rem
867 2712 1049 2743 summa
1073 2698 1410 2756 disputationis
1434 2712 1526 2743 non
1551 2700 1782 2744 mutatur:

82 2770 243 2802 omnes
275 2756 398 2802 enim
431 2756 617 2801 codices
648 2771 701 2801 su
737 2757 925 2803 erstites
958 2771 986 2803 a
1016 2758 1283 2803 Matritensi
1316 2761 1665 2804 emanaverunt.

158 2820 202 2874 1)
233 2816 399 2861 scribit
429 2815 554 2860 enim
577 2815 696 2861 Nico
717 2830 775 2862 ao
806 2817 853 2861 in
885 2817 1091 2875 epistula
1114 2819 1319 2874 quadam
1344 2817 1545 2876 (Tenelli
1570 2819 1590 2862 1
1614 2834 1657 2876 p.
1676 2823 1783 2878 303)

82 2875 352 2922 Lucretium
367 2877 557 2921 tenuisti
603 2890 652 2921 er
667 2891 814 2922 anmos
830 2878 1206 2935 quattuordecim,
1222 2878 1374 2924 eodem
1388 2878 1520 2923 modo
1531 2880 1783 2925 Ascanium

84 2935 359 2991 Pedianum,
388 2935 455 2982 sic
483 2941 526 2980 et
600 2937 824 2982 monium
857 2938 1099 2983 Arbitrum
1129 2944 1171 2983 et
1201 2938 1402 2984 Statiwm
1426 2938 1678 3001 Silvarum.

1466 3012 1514 3055 f.
