2034 3126
265 67 336 120 48
876 68 924 111 Ρ.
949 67 1154 112 ΡΑΡΙΝΙ
1187 68 1362 113 STATI

269 222 389 256 cum
429 204 598 257 stadio
637 208 745 256 iam
782 208 939 274 pigra
978 209 1125 274 quies
1167 223 1433 274 canusque
1474 205 1674 258 sederet

263 280 440 346 pulvis
482 279 547 330 ad
585 277 894 331 Ambracias
937 298 1188 332 conversa
1226 280 1490 349 gymnade
1528 280 1762 347 frondes,

263 356 408 405 trans
449 355 648 422 gentile
687 354 882 405 fretum
919 354 1115 422 placidi
1154 354 1401 406 facundia
1438 353 1580 406 Polli

264 427 454 479 detulit
493 431 544 480 et
581 428 782 480 nitidae
819 430 1067 481 iuvenilis
1107 432 1282 497 gratia
1319 428 1522 496 Pollae,
1908 442 1962 481 10

262 501 469 554 flectere
506 506 615 554 iam
654 502 905 570 cupidum
943 521 1178 571 gressus,
1220 522 1324 571 qua
1361 504 1532 555 limite
1570 506 1699 555 noto

261 574 441 644 Appia
479 578 763 645 longarum
800 579 990 629 teritur
1028 581 1214 646 regina
1251 581 1470 630 viarum.

375 651 465 703 sed
502 654 679 703 iuvere
717 669 909 704 morae.
971 652 1179 720 placido
1219 653 1406 703 lunata
1443 671 1649 704 recessu

259 725 384 777 hinc
424 728 581 794 atque
619 726 744 777 hinc
785 744 967 778 curvas
1007 729 1360 795 perrumpunt
1398 745 1626 795 aequora
1663 745 1819 795 rupes

261 799 349 851 dat
386 803 579 852 natura
617 802 793 852 locum
830 804 1107 870 montique
1143 804 1430 853 intervenit
1467 820 1635 852 unum
1906 814 1959 853 15

259 875 387 926 litus
430 877 481 926 et
518 878 576 926 in
614 877 778 927 terras
821 877 1052 944 scopulis
1092 875 1445 944 pendentibus
1488 879 1608 928 exit.

258 952 433 1017 gratia
469 953 643 1018 prima
680 951 805 1017 loci,
845 953 1059 1018 gemina
1095 950 1360 1002 testudine
1398 951 1608 1002 fumant

256 1023 466 1091 balnea,
508 1026 559 1076 et
598 1042 624 1076 e
662 1026 816 1076 terris
859 1027 1087 1077 occurrit
1126 1025 1292 1076 dulcis
1335 1043 1511 1077 amaro

257 1099 497 1166 nympha
533 1101 683 1150 mari.
745 1100 875 1150 levis
916 1100 1003 1151 hic
1041 1098 1236 1151 Phorci
1276 1099 1465 1151 chorus
1506 1099 1714 1168 udaque
1754 1102 1921 1151 crines

259 1170 556 1241 Cymodoce
595 1173 884 1242 viridisque
925 1176 1072 1242 cupit
1112 1173 1332 1226 Galatea
1369 1175 1549 1226 lavari.
1903 1186 1957 1225 20

257 1250 379 1299 ante
419 1248 635 1300 domum
672 1248 906 1300 tumidae
943 1248 1244 1301 moderator
1284 1250 1521 1300 caerulus
1562 1248 1732 1300 undae

257 1322 499 1389 excubat,
539 1325 758 1374 innocui
798 1325 974 1375 custos
1015 1324 1163 1391 laris3
1202 1323 1361 1375 huius
1403 1326 1570 1375 amico

258 1400 507 1464 spumant
545 1398 745 1466 templa
785 1399 910 1450 salo.
973 1397 1148 1449 felicia
1186 1416 1310 1449 rura
1347 1400 1527 1449 tuetur

255 1469 490 1540 Alcides;
530 1472 726 1540 gaudet
764 1475 977 1540 gemino
1019 1472 1117 1524 sub
1156 1476 1374 1524 numine
1412 1474 1621 1540 portus:

254 1545 342 1598 hic
382 1549 554 1598 servat
592 1549 781 1614 terras,
821 1547 908 1598 hic
948 1551 1114 1599 saevis
1155 1546 1404 1599 fluctibus
1446 1547 1636 1599 obstat.
1900 1559 1955 1598 25

253 1624 389 1672 mira
427 1624 574 1690 quies
614 1623 814 1690 pelagi:
853 1624 1064 1690 ponunt
1101 1622 1188 1673 hic
1226 1623 1367 1674 lassa
1405 1621 1638 1674 furorem

255 1713 505 1764 aequora,
547 1698 597 1747 et
634 1699 811 1748 insani
852 1699 1057 1764 spirant
1097 1698 1404 1748 clementius
1447 1699 1635 1763 austri,

252 1770 340 1822 hic
377 1788 625 1838 praeceps
665 1774 841 1822 minus
883 1771 1040 1822 audet
1077 1771 1267 1838 hiems,
1305 1772 1563 1839 nulloque
1601 1771 1836 1822 tumultu

255 1847 445 1914 stagna
481 1845 721 1897 modesta
757 1848 930 1897 iacent
970 1845 1275 1914 dominique
1313 1848 1580 1897 imitantia
1617 1863 1804 1898 mores,

363 1919 486 1973 inde
524 1938 619 1988 per
659 1919 901 1989 obliquas
944 1923 1110 1988 erepit
1147 1922 1384 1988 porticus
1425 1938 1590 1987 arces,
1898 1931 1953 1971 30

252 1993 399 2046 urbis
441 2013 574 2063 opus
585 2036 597 2062 ,
638 1995 907 2063 longoque
947 1995 1126 2047 domat
1166 2013 1291 2047 saxa
1329 2013 1514 2063 aspera
1552 1990 1723 2047 dorso.

254 2086 358 2137 qua
395 2072 543 2137 prius
585 2069 808 2122 obscuro
848 2072 1098 2137 permixti
1135 2071 1352 2138 pulvere
1392 2070 1528 2122 soles

252 2145 304 2195 et
342 2144 522 2195 feritas
562 2147 843 2196 inamoena
880 2146 1017 2212 viae,
1055 2162 1199 2196 nunc
1236 2147 1313 2196 ire
1351 2145 1621 2212 voluptas:

252 2219 446 2286 qualis,
488 2221 533 2270 si
574 2218 758 2270 subeas
799 2217 1041 2287 Ephyres
1081 2218 1401 2271 Baccheidos
1442 2219 1611 2270 altum

253 2293 485 2360 culmen,
525 2291 590 2344 ab
630 2292 762 2345 Inoo
802 2293 905 2344 fert
945 2295 1132 2345 semita
1170 2296 1309 2345 tecta
1346 2291 1536 2361 Lyaeo.
1895 2305 1950 2343 35

368 2430 414 2465 15
446 2422 620 2467 locum:
655 2421 803 2467 larem
835 2422 1034 2481 Saenqer
1135 2438 1280 2466 unum
1313 2425 1387 2480 (cf.
1415 2424 1545 2468 Mela
1576 2425 1671 2468 III
1687 2426 1746 2467 55
1775 2435 1872 2465 una
1903 2424 1950 2466 et

250 2482 494 2526 continens
529 2484 692 2539 terra):
732 2482 878 2526 udum
912 2484 1156 2528 Heinsius:
1188 2497 1361 2527 uncum
1392 2484 1460 2526 vel
1488 2483 1635 2526 imum
1670 2482 1947 2527 Gronovius:

249 2541 397 2596 unda,
430 2543 686 2587 Baehrens:
720 2557 905 2597 arvum,
937 2543 1138 2601 Saenyer
1226 2551 1273 2585 16
1305 2542 1641 2599 pendentibus:
1675 2541 1948 2586 cedentibus

249 2602 523 2659 eiSaenyer
612 2610 657 2644 17
690 2601 739 2644 in
771 2603 941 2647 terras:
974 2602 1099 2646 inter
1130 2616 1276 2657 aquas
1312 2603 1588 2659 Grasberyer
1618 2604 1744 2645 1877
1767 2615 1816 2657 p.
1835 2605 1946 2645 420:

248 2661 446 2706 ulterius
489 2662 819 2706 Marklandus:
859 2661 1056 2705 interius
1096 2663 1332 2706 Baehrens
1479 2670 1527 2704 18
1557 2660 1712 2705 terris:
1752 2659 1947 2704 thermis

248 2722 426 2766 Polster
455 2724 581 2765 1890
605 2734 654 2777 p.
682 2724 730 2764 6:
763 2720 901 2765 tectis
933 2721 1133 2780 Saenyer
1230 2730 1279 2764 23
1311 2721 1410 2765 salo
1444 2736 1486 2765 c:
1515 2720 1617 2765 solo
1708 2728 1756 2763 25
1789 2720 1948 2763 obstat

250 2782 293 2837 (o
318 2795 374 2824 ex
398 2794 426 2823 a
447 2780 532 2838 1¹)
623 2788 672 2822 26
695 2779 867 2824 mirum
891 2781 958 2824 11¹
980 2782 1033 2824 in
1063 2795 1149 2839 my.
1241 2789 1291 2824 30
1315 2795 1464 2825 arces:
1498 2781 1620 2824 artes
1646 2780 1888 2824 Krohnius

248 2848 297 2882 35
322 2840 476 2896 Lyaeo
502 2839 729 2932 5:9lyceo:
756 2840 965 2884 Lechaeo
991 2856 1013 2883 c
1030 2842 1233 2898 (inepte);
1260 2855 1323 2884 an
1340 2841 1541 2899 Lyceum
1554 2839 1788 2896 Apollinis
1805 2839 1948 2896 Isycei

247 2900 462 2955 templum
492 2905 571 2945 est.
