2034 3126
231 69 338 122 126
839 70 888 113 Ρ.
914 69 1120 114 ΡΑΡΙΝΙ
1152 70 1327 114 STATI

227 206 445 258 ambiat:
487 210 538 258 et
579 209 708 259 socii
746 210 932 274 portus
975 207 1268 276 dilectaque
1305 211 1424 259 miti
1454 272 1458 275 γ

226 284 366 332 terra
403 279 692 333 Dicarcheo
731 298 829 332 nec
866 299 977 333 non
1014 282 1178 350 plaga
1216 300 1334 333 cara
1370 283 1605 335 madenti

229 354 542 407 Surrentina
581 355 676 406 deo
719 358 870 407 sertis
911 356 1099 407 altaria
1138 359 1338 424 cingat,

226 433 452 481 materni
492 448 597 498 qua
635 430 763 480 litus
805 432 909 496 avi,
951 447 1107 498 quem
1145 431 1303 482 turba
1339 435 1596 499 nepotum
1872 446 1927 485 10

228 506 470 555 circumit
509 506 561 555 et
601 504 798 555 similes
840 503 1112 555 contendit
1149 504 1362 557 reddere
1401 507 1596 558 vultus.

226 577 455 646 gaudeat
494 580 546 630 et
585 576 785 645 Libyca
821 581 1119 646 praesignis
1161 580 1452 631 avunculus
1492 580 1666 649 hasta,

228 670 465 720 quaeque
507 651 608 704 sibi
647 654 858 720 genitos
897 655 1054 720 putat
1092 654 1397 722 attollitque
1435 653 1668 723 benigno

227 725 382 778 Polla
421 729 556 778 sinu.
617 728 810 793 macte,
849 743 880 778 o
919 730 1148 795 iuvenis,
1190 731 1282 796 qui
1320 731 1471 779 tanta
1507 732 1731 781 merenti

226 802 430 852 lumina
469 800 560 852 das
599 803 817 869 patriae.
880 800 1048 853 dulcis
1087 804 1268 853 tremit
1307 820 1422 854 ecce
1460 805 1722 855 tumultus
1873 817 1926 856 15

226 878 309 926 tot
348 875 576 927 dominis
618 875 843 926 clamata
882 874 1083 927 domus.
1145 878 1334 944 procul
1373 880 1487 929 atra
1524 878 1732 930 recedat

224 949 433 1001 Invidia
471 952 629 1018 atque
668 950 773 1001 alio
813 950 1035 1001 liventia
1071 953 1286 1018 pectora
1323 950 1523 1004 flectat:

225 1024 308 1075 his
351 1027 557 1076 senium
595 1024 893 1092 longaeque
934 1023 1089 1076 decus
1129 1027 1342 1078 virtutis
1385 1028 1436 1078 et
1475 1026 1596 1078 alba

225 1096 461 1166 Atropos
502 1100 554 1149 et
591 1101 797 1166 patrius
837 1099 1018 1150 laurus
1058 1102 1306 1166 promisit
1344 1098 1558 1168 Apollo.

225 1190 351 1241 ergo
393 1172 535 1240 quod
573 1171 844 1224 Ausoniae
883 1175 1034 1240 pater
1073 1177 1482 1242 augustissimus
1523 1175 1668 1226 urbis
1870 1189 1926 1228 20

223 1250 307 1298 ius
347 1246 447 1298 tibi
486 1249 810 1315 tergeminae
850 1246 1062 1299 dederat
1100 1247 1345 1300 laetabile
1383 1250 1573 1317 proliS,

228 1339 383 1373 omen
423 1324 546 1373 erat.
608 1324 755 1372 venit
793 1324 990 1374 totiens
1030 1321 1234 1374 Lucina
1269 1326 1523 1391 piumque

224 1398 446 1447 intravit
484 1398 709 1464 repetita
746 1396 925 1448 larem.
989 1399 1064 1448 sic
1103 1397 1315 1465 fertilis,
1357 1415 1473 1465 oro,

227 1473 331 1522 stet
370 1470 556 1522 domus
598 1472 650 1522 et
690 1470 842 1522 donis
881 1488 1174 1539 numquam
1212 1475 1418 1523 mutata
1457 1475 1688 1524 sacratis.

223 1547 413 1612 macte,
454 1544 597 1613 quod
637 1547 689 1595 et
725 1545 902 1612 proles
943 1544 1042 1596 tibi
1083 1549 1291 1614 saepius
1334 1549 1487 1598 aucta
1524 1548 1667 1598 virili
1871 1561 1926 1600 25

223 1619 435 1686 robore3
477 1618 566 1671 sed
604 1621 784 1670 iuveni
823 1619 1068 1671 laetanda
1107 1623 1159 1672 et
1196 1623 1348 1689 virgo
1388 1624 1617 1689 parenti:

225 1697 399 1761 aptior
437 1693 521 1745 his
561 1696 752 1760 virtus,
794 1696 949 1745 citius
991 1693 1138 1746 dabit
1175 1696 1271 1746 illa
1307 1698 1550 1763 nepoteS,

226 1769 397 1836 qualis
437 1770 689 1819 maternis
730 1767 932 1820 Helene
970 1771 1078 1820 iam
1118 1767 1280 1838 digna
1317 1771 1595 1838 palaestris

343 1950 367 1984 8
398 1941 656 1987 Dicarcheo
689 1943 945 1987 Baehrens:
980 1942 1226 1987 dicachen:
1259 1943 1549 1988 Dicaearcho
1579 1945 1820 1991 Krohnius
1850 1944 1941 2004 (cfi'

224 2003 378 2056 1111,
402 2004 479 2059 92)
626 2011 670 2044 11
702 2001 878 2045 similes
911 2028 968 2034 —
1000 2001 1179 2046 vultus:
1214 2002 1357 2047 simili
1389 2029 1445 2036 —
1476 2003 1611 2048 vultu
1642 2005 1869 2051 Heinsius

223 2069 269 2104 12
301 2061 464 2104 hastas
504 2063 542 2118 (s
573 2062 713 2116 finale
743 2062 827 2106 del.
852 2062 935 2117 11¹)
1086 2070 1132 2105 15
1165 2062 1314 2107 dulcis
1346 2063 1506 2107 tremit
1537 2077 1643 2108 ecce
1674 2065 1925 2110 tumultus:

226 2120 354 2164 dulci
377 2120 538 2165 tremit
563 2120 739 2177 (fremit
755 2122 1000 2166 Heinsius:
1027 2122 1195 2178 strepit
1211 2123 1464 2180 Baehrens)
1488 2136 1595 2167 ecce
1619 2124 1823 2168 tumultu
1845 2140 1867 2168 0

224 2189 270 2223 16
312 2179 536 2224 clamata:
578 2179 757 2224 clarata
792 2180 1130 2226 Cornelissenus
1161 2185 1286 2226 1877
1309 2198 1357 2239 12·
1383 2185 1479 2227 290
1627 2192 1671 2226 17
1712 2186 1925 2240 pectora:

225 2239 406 2283 lumina
436 2241 769 2285 Marklandus:
803 2242 1018 2297 tempora
1044 2240 1381 2287 Cornelissenus
1412 2245 1537 2286 1877
1565 2257 1609 2299 p.
1627 2246 1718 2287 291
1751 2245 1868 2288 male

225 2307 271 2342 18
305 2302 352 2343 et
384 2298 493 2343 alba
526 2300 664 2356 (quod
695 2306 848 2344 tuetur
875 2302 1132 2356 oppositum
1157 2302 1298 2359 atra):
1333 2301 1491 2346 alebat
1513 2303 1567 2346 ei.
1587 2303 1926 2356 Phillimoriu83

227 2359 442 2403 Zaewnam
467 2365 574 2415 post
603 2374 643 2403 v.
664 2363 723 2403 18
752 2361 918 2404 statuit
947 2360 1146 2418 Saenyer
1234 2370 1281 2404 1⁹
1311 2361 1472 2405 laurus
1501 2362 1760 2407 Krohnius:
1793 2362 1926 2407 lauro

226 2419 364 2475 (quod
386 2419 566 2472 frustra
590 2420 794 2473 defendit
810 2420 1127 2464 Rothsteinius
1149 2423 1272 2465 1900
1280 2436 1329 2478 p.
1341 2423 1474 2478 500):
1499 2420 1656 2465 lauros
1683 2436 1710 2470 ς
1733 2423 1866 2480 vulyo

225 2486 271 2520 21
304 2492 387 2535 ger
418 2478 518 2534 (del.
537 2478 620 2533 11¹)
652 2479 725 2522 ter
755 2478 973 2535 geminae
1063 2487 1112 2522 24
1143 2481 1348 2524 mutata:
1381 2481 1561 2524 nudata
1591 2481 1923 2526 Marklandus:

224 2537 477 2581 immutata
524 2537 626 2583 Otto
666 2541 787 2582 1887
815 2553 862 2594 p.
896 2542 988 2583 542
1034 2539 1106 2595 (ef.
1140 2540 1389 2584 Damste'us
1433 2542 1486 2585 in
1533 2540 1659 2584 Serto
1697 2541 1926 2586 Naberico

227 2599 349 2642 1908
366 2611 415 2653 p.
433 2599 579 2654 79sq.)
672 2606 720 2640 25
746 2597 933 2654 saepius
958 2600 1280 2643 necessarium:
1305 2598 1479 2643 laetius
1507 2599 1782 2658 Grasberyer
1806 2604 1925 2645 1877

216 2660 367 2713 11421
460 2664 510 2699 26
534 2655 637 2700 sed:
665 2656 731 2700 sic
756 2657 1000 2702 Heinsius:
1029 2670 1078 2700 se
1095 2659 1381 2709 Politianus:
1408 2673 1456 2702 se
1481 2661 1529 2703 et
1545 2660 1926 2704 Lundstroemius

227 2718 349 2760 1893
385 2729 430 2772 p.
459 2719 540 2760 76:
581 2729 630 2759 se
668 2718 723 2760 ut
762 2717 1121 2762 ffllisius=1910
1146 2732 1197 2774 p.
1223 2721 1334 2763 157:
1374 2733 1507 2775 spem
1545 2719 1764 2763 Hertzius
1803 2723 1926 2766 1873

218 2789 268 2831 p.
287 2778 380 2822 337
388 2794 399 2830 ς
433 2775 514 2819 sed
546 2778 848 2820 necessarium
938 2776 1097 2820 iuveni
1127 2776 1352 2821 laetanda
1380 2780 1428 2822 et
1452 2778 1651 2835 Saenqer
1673 2793 1714 2822 a.
1735 2781 1861 2822 1886
1884 2785 1926 2824 et

234 2835 428 2883 Vollmer
436 2837 611 2890 189310.
621 2838 711 2879 837
722 2854 730 2879 :
748 2835 905 2880 iuveni
914 2835 1055 2879 letam
1067 2836 1152 2880 dat
1162 2854 1171 2879 ε
1190 2836 1347 2881 iuveni
1355 2837 1624 2881 laetandast
1632 2838 1867 2882 Baehrens
1921 2867 1927 2875 «

225 2908 263 2938 υ.
292 2899 346 2937 27
381 2895 463 2939 del.
492 2895 806 2940 Marklandus
837 2895 953 2940 male
961 2913 977 2950 ;
1009 2896 1066 2950 ef.
1092 2895 1194 2940 Sen.
1220 2897 1331 2941 dial.
1358 2897 1474 2940 XII
1491 2900 1566 2951 18,
1591 2899 1620 2941 7
