2034 3126
244 47 312 101 76
849 45 899 90 P.
924 45 1131 90 PAPINI
1163 46 1338 90 STATI

239 185 595 252 Taurubulae,
637 187 687 236 et
726 186 878 236 terris
918 187 1107 252 ingens
1148 184 1284 236 redit
1323 189 1563 253 aequoris
1606 186 1747 239 echo.

238 278 349 311 non
388 263 498 310 tam
535 259 734 328 grande
776 261 928 310 sonat
967 262 1125 310 motis
1166 259 1446 311 incudibus
1487 258 1680 328 Aetne,
1856 274 1939 313 130

239 353 359 386 011111
395 334 620 386 Brontes
663 332 1013 401 Steropesque
1052 334 1196 400 ferit,
1235 352 1332 386 1160
1371 338 1540 386 1116101
1581 335 1644 386 ab
1687 338 1852 388 antris

239 408 531 460 Lemniacis
573 409 753 475 fragor
793 410 892 475 est,
932 408 1025 458 ubi
1063 407 1334 460 flammeus
1377 409 1563 476 aegida
1602 411 1768 461 caelat

237 482 496 534 Mulciber
537 485 587 534 et
627 485 783 534 castis
826 485 1044 534 exornat
1082 481 1300 534 Pallada
1340 483 1506 535 1101116.

239 557 543 609 decrescunt
584 558 809 624 scopuli,
852 559 902 608 et
942 575 1092 608 rosea
1133 557 1230 608 sub
1270 559 1387 609 luce
1427 562 1621 610 reversi

239 632 463 683 artifices
503 634 765 682 mirantur
805 649 953 699 opus.
1015 635 1104 682 vix
1144 650 1313 683 annus
1357 632 1569 683 anhelat
1858 647 1940 686 135

239 708 391 773 alter,
434 709 484 757 et
522 708 731 774 ingenti
772 705 913 757 dives
955 705 1267 774 Tirynthius
1309 724 1423 757 arce

240 781 507 849 despectat
546 780 737 831 fluctus
780 783 831 832 et
868 783 1079 832 iunctae
1118 783 1257 832 tecta
1294 799 1548 832 novercae

237 858 492 924 provocat
532 858 582 906 et
623 855 797 923 dignis
838 857 1032 906 invitat
1070 854 1289 906 Pallada
1327 857 1555 923 templis

237 934 344 981 iam
382 930 620 998 placidae
660 929 787 980 dant
828 933 982 998 signa
1020 930 1200 997 tubae,
1239 934 1347 981 iam
1385 931 1612 982 fortibus
1655 931 1839 983 ardens

236 1005 406 1056 fumat
445 1005 642 1056 harena
683 1007 857 1056 sacris,
919 1004 1016 1056 hos
1056 1023 1152 1056 nec
1194 1004 1409 1056 Pisaeus
1450 1005 1676 1057 honores
1857 1019 1940 1060 140

236 1079 478 1147 Iuppiter
518 1082 609 1130 6111
650 1077 865 1131 Cirrhae
904 1081 1054 1147 pater
1094 1082 1402 1147 aspernetur
1443 1097 1648 1147 opacae.

236 1155 316 1205 nil
354 1154 436 1205 his
478 1156 629 1205 triste
669 1155 821 1220 locis3
863 1153 1011 1204 cedat
1050 1154 1391 1205 lacrimabilis
1432 1153 1688 1222 Isthmos,

239 1228 386 1280 cedat
426 1231 576 1280 611οΧ
615 1226 835 1280 Nemea:
876 1229 998 1279 litat
1036 1228 1122 1279 hic
1161 1229 1366 1280 felicior
1403 1229 1595 1280 infans.

234 1306 380 1371 ipsae
419 1306 673 1371 pumiceis
714 1302 905 1354 virides
946 1301 1196 1354 Nereides
1239 1306 1403 1354 antris

236 1379 461 1429 exiliunt
499 1379 665 1429 ultro:
707 1379 939 1445 scopulis
980 1378 1284 1429 umentibus
1324 1378 1543 1429 haerent
1856 1392 1939 1432 145

234 1471 330 1503 1166
369 1452 532 1520 pudet
573 1453 776 1504 06611116
814 1452 982 1503 11111166
1027 1455 1260 1520 611601616
1299 1454 1603 1521 palaestras,

237 1529 439 1595 spectat
479 1529 530 1578 et
568 1526 736 1578 Icario
775 1545 1085 1579 nemorosus
1126 1529 1344 1594 palmite
1385 1526 1590 1579 Gaurus

237 1603 493 1669 silvaque,
535 1619 667 1669 quae
705 1601 865 1652 fixam
903 1603 1094 1670 pelago
1134 1600 1332 1653 Nesida
1372 1604 1610 1669 coronat,

236 1679 286 1727 et
325 1676 563 1744 placidus
606 1675 797 1728 Limon
837 1694 1094 1745 omenque
1134 1676 1375 1744 Euploea
1414 1679 1604 1728 carinis

236 1753 287 1802 et
326 1750 554 1802 Lucrina
592 1751 795 1818 Venus,
836 1750 1177 1820 Phrygioque
1218 1770 1243 1803 6
1282 1754 1475 1802 vertice
1516 1750 1700 1803 Graias
1853 1765 1937 1805 150

237 1825 491 1892 addisces,
531 1824 754 1892 Misene,
794 1825 971 1893 tubas,
1012 1826 1250 1893 ridetque
1288 1826 1521 1894 benigna

234 1899 568 1968 Parthenope
607 1901 806 1968 gentile
847 1918 1052 1952 sacrum
1090 1900 1366 1968 nudosque
1404 1904 1639 1952 virorum

237 1977 463 2026 certatus
507 1977 557 2026 et
596 1993 760 2042 parva
799 1993 922 2026 suae
964 1977 1243 2026 simulacra
1283 1993 1519 2027 coronae.

237 2052 367 2116 quin
408 2067 505 2117 age
546 2052 596 2100 et
634 2053 748 2117 ipse
787 2049 957 2101 libens
998 2053 1202 2118 proprii
1242 2052 1540 2101 certaminis
1582 2052 1727 2101 actus

234 2126 434 2175 invicta
474 2123 691 2192 dignare
730 2142 912 2191 manu,
955 2142 1045 2175 6611
1084 2125 1270 2176 nubila
1310 2124 1452 2176 disco
1852 2138 1935 2177 155

234 2198 432 2250 findere
474 2217 564 2250 seu
603 2200 842 2251 volucres
883 2199 1140 2267 zephyros
1181 2199 1486 2267 praecedere
1524 2200 1630 2251 telo

352 2411 423 2445 129
437 2402 758 2447 Taurubulae:
773 2402 1071 2447 Tauroborae
1085 2405 1138 2448 ei.
1151 2405 1369 2462 Saenqer:
1385 2403 1617 2449 Teleboae
1634 2405 1878 2449 Turnebus

236 2470 303 2504 137
336 2462 548 2506 iunctae:
581 2463 733 2507 victae
765 2477 793 2506 a
927 2471 998 2506 138
1032 2463 1189 2519 dignis
1223 2479 1270 2513 5:
1305 2464 1475 2521 dignus
1611 2473 1682 2507 139
1714 2463 1934 2508 fortibus:

236 2521 439 2565 sortibus
458 2522 670 2578 Lipsius:
688 2522 953 2566 insontibus
970 2524 1284 2568 Marklandus
1374 2523 1576 2568 ischmos
1666 2532 1739 2566 143
1760 2523 1938 2567 Nemea

234 2582 291 2625 K
295 2582 458 2626 lotzius
490 2582 563 2638 (cf.
591 2583 653 2626 ad
683 2583 820 2627 Theb.
846 2583 883 2626 I
900 2585 1026 2638 355):
1059 2596 1266 2628 nemees:
1299 2582 1475 2627 Nemee
1508 2599 1535 2633 ς
1683 2591 1752 2625 144
1785 2582 1935 2639 pumi-
2028 2616 2034 2642 Ἰ.

235 2641 330 2683 6616
364 2656 411 2690 g:
443 2641 656 2697 puniceis
748 2641 1016 2685 umentibus
1051 2645 1087 2699 (1
1111 2657 1247 2699 super
1271 2657 1302 2686 u
1329 2644 1434 2686 add.
1461 2645 1519 2699 m)
1610 2650 1682 2685 145
1715 2641 1933 2686 exiliunt:

233 2699 357 2743 ultro
395 2700 599 2757 scopulis
633 2701 737 2745 dist.
764 2701 962 2759 Saeuyer
1111 2710 1183 2744 149
1215 2702 1380 2745 Limon
1412 2704 1496 2759 (sic
1526 2703 1621 2746 iam
1654 2702 1934 2758 Politz'auus)

233 2772 462 2814 omenque
505 2761 729 2818 Guyetus:
771 2760 883 2804 limo
923 2774 1204 2817 numemque
1244 2763 1414 2818 (ultimi
1451 2777 1499 2804 m
1524 2763 1727 2818 primam
1756 2761 1936 2806 hastam

232 2833 331 2874 exp.
358 2819 440 2876 M1)
533 2829 600 2863 151
624 2819 872 2864 Addisces:
908 2820 1131 2864 adsciscis
1156 2822 1492 2866 Marklaudus:
1520 2820 1766 2864 addiscens
1793 2821 1934 2865 Roth-

231 2879 423 2923 steiuius
447 2883 570 2924 1900
586 2882 760 2936 p.502:
787 2880 1014 2924 adtenuas
1036 2880 1236 2939 Saenyer
1325 2889 1396 2924 155
1423 2881 1617 2938 dignare
1640 2895 1704 2925 m:
1732 2880 1875 2938 digna
