2034 3126
274 35 379 89 166
601 35 650 80 P.
677 34 881 79 PAPINI
913 34 1087 78 sTA'rI
1119 34 1431 79 s1LVARUM
1460 36 1510 79 L.
1534 35 1590 92 v,
1615 42 1641 81 5

267 190 380 225 non
419 176 582 240 cupii,
622 175 795 241 primo
835 175 1093 240 gemitum
1132 175 1224 240 qui
1261 176 1505 240 protinus
1547 176 1669 225 ortu
1907 186 1964 226 80

268 248 535 315 implicuit
572 246 793 315 fixitque
830 247 985 313 mihi,
1026 249 1110 298 cui
1148 246 1308 298 verba
1347 265 1609 316 sonosque

268 324 562 373 monstravi
602 323 922 389 questusque
962 323 1014 372 et
1051 321 1271 372 vulnera
1309 339 1459 373 caeca
1496 322 1787 384 resolvenS‚

268 397 670 464 reptantemque
709 396 823 447 solo
863 395 1120 447 demissus
1160 394 1226 447 ad
1265 397 1445 448 oscula
1480 399 1666 448 nostra

271 472 433 536 erexi,
472 469 773 537 blandoque
814 473 935 521 sinu
971 472 1079 521 iam
1116 473 1325 537 iamque
1363 469 1678 536 (cadentes)

269 543 308 611 †
348 561 592 612 excepere
630 561 792 612 genas
834 544 1116 613 dulcesque
1155 562 1413 596 accersere
1454 562 1682 596 somnos,
1908 557 1964 598 85

271 621 357 669 cui
394 636 591 670 nomen
629 636 732 670 vox
770 621 942 686 prima
980 636 1157 670 meum
1195 618 1456 687 ludusque
1494 620 1690 671 tenello

270 695 430 759 risuS,
472 695 524 744 et
563 710 594 744 a
629 695 815 745 nostro
854 692 1136 745 veniebant
1173 693 1368 761 gaudia
1405 694 1572 745 vultu.

963 831 994 864 ἦε
1104 795 1136 829 *
1248 831 1280 865 ³1⁸

391 964 441 999 80
471 970 566 1001 non
598 957 726 1014 cupii
758 972 801 1001 c:
835 955 1063 1014 Concupii
1170 957 1383 1014 genitum
1415 970 1555 1013 quem
1584 972 1629 1014 p.
1655 971 1696 1002 o.
1726 959 1733 1015 Ι
1758 957 1974 1014 implicui

271 1015 444 1072 fixique
484 1017 771 1062 Politianus:
812 1017 1027 1074 genetrix
1065 1030 1205 1072 quem
1242 1031 1289 1073 p.
1316 1018 1468 1061 ortum
1506 1016 1741 1073 implicuit
1778 1015 1973 1073 fixitque

274 1075 474 1134 Saenqer
623 1084 673 1119 82
706 1077 754 1120 et
782 1090 927 1133 supra
958 1077 1126 1120 lineam
1155 1075 1224 1119 Μ*
1369 1074 1603 1121 resolvens
1638 1076 1972 1122 Marklandus:

272 1148 332 1178 ne
364 1135 561 1180 solvam:
594 1135 765 1181 resolvi
797 1150 825 1186 ς
953 1144 1002 1179 88
1033 1138 1194 1180 nostra
1226 1136 1487 1181 Krohnius:
1520 1138 1695 1181 vestra:
1729 1136 1894 1180 dextra
1925 1151 1974 1186 ςε

273 1194 436 1238 crebra
467 1195 667 1253 Saenyer
767 1203 816 1238 84
849 1195 1070 1240 cadentes
1101 1196 1357 1241 Baehrens:
1390 1209 1497 1240 om.:
1529 1195 1735 1240 nitentes
1769 1210 1816 1245 5:
1849 1195 1973 1239 vale-

274 1253 384 1298 bam
399 1254 599 1313 Saenyer
682 1263 731 1298 85
747 1255 1002 1312 Excepere:
1022 1254 1234 1312 exsopire
1260 1255 1472 1300 Vollmer:
1492 1254 1567 1299 cui
1586 1255 1739 1312 sopire
1755 1254 1974 1313 Saenyer:

274 1315 522 1370 exceptare
570 1315 720 1373 Unyer
759 1318 884 1360 1868
914 1329 966 1372 p.
992 1319 1100 1360 140:
1142 1315 1355 1372 excipere
1391 1314 1493 1372 ipse
1524 1315 1785 1360 Krolmius:
1827 1315 1977 1358 exter-

273 1387 384 1429 gere
417 1375 645 1420 Heinsius
786 1382 836 1417 86
866 1373 1120 1431 ludusque:
1151 1374 1421 1432 multusque
1453 1375 1699 1419 Heinsius:
1731 1373 1976 1430 laetusque

276 1433 476 1491 Saenyer
623 1433 797 1478 tenello
841 1450 888 1484 ς;
936 1435 1106 1479 tenebo
1253 1440 1358 1491 post
1393 1449 1432 1479 v.
1467 1438 1522 1478 87
1563 1435 1739 1479 duobus
1775 1434 1978 1479 versibus

273 1495 434 1538 vacuis
470 1495 740 1539 intermissis
777 1495 896 1540 hanc
929 1495 1303 1551 subscriptionem
1335 1494 1497 1539 litteris
1526 1493 1796 1538 maiusculis
1825 1493 1978 1539 rubri-

274 1558 402 1598 cator
425 1554 611 1599 addidit
631 1569 747 1598 rems
767 1579 776 1588 -
794 1569 935 1598 Amisi·
955 1579 963 1588 ·
982 1570 1096 1598 VERE
1115 1579 1124 1588 ·
1141 1569 1335 1597 runcum
1354 1579 1361 1587 ·
1380 1570 1496 1598 vum·
1516 1578 1524 1587 -
1545 1568 1755 1598 sempron
1774 1578 1781 1586 ·
1800 1569 1975 1596 annuns

274 1614 420 1670 (sic!);
453 1614 614 1658 dehine
645 1613 881 1659 duodecim
911 1628 1064 1660 versus
1094 1615 1146 1659 in
1176 1615 1266 1670 sine
1292 1615 1495 1672 payinae
1525 1615 1663 1659 vacui
1689 1619 1810 1659 sumt.
