2034 3126
241 110 428 155 LXXIV
915 107 1258 153 PRAEFATIO

240 250 626 299 DOMITIANA
672 249 723 296 id
771 248 905 312 quod
950 248 1151 297 facilius
1196 248 1304 296 fieri
1349 250 1538 311 potuit,
1587 251 1630 297 si
1665 242 1954 314 utrumque·

238 341 439 374 carmen
472 324 534 372 ab
569 325 741 373 eodem
771 323 874 372 fere
905 322 1121 386 paginae
1152 322 1284 384 loco,
1317 339 1357 370 e.
1382 340 1427 385 g.
1455 323 1516 370 ab
1547 323 1692 372 initio
1723 326 1937 390 paginae

239 399 507 448 cuiuslibet
531 398 835 447 ordiebatur.
893 399 1008 445 sunt
1032 399 1199 444 autem
1222 397 1355 444 inter
1377 397 1455 444 ΙΠ
1481 399 1510 445 5
1539 400 1590 446 et
1613 399 1687 446 IV
1712 401 1742 447 3
1768 416 1938 449 versus
2008 387 2010 389 ¹

241 473 441 523 circiter
481 474 586 521 278
620 500 693 506 -
726 474 917 520 certum
956 487 1217 519 numerum
1255 487 1354 519 non
1385 472 1503 519 licet
1534 473 1776 535 proferre,
1818 491 1936 536 quo-

241 548 379 596 niam
419 550 543 609 quot
579 562 813 596 versuum
847 545 1094 609 praefatio
1128 547 1298 607 quarti
1327 545 1444 592 libri
1475 546 1624 595 fuerit
1656 549 1939 596 coniectura

239 624 440 670 tantum
477 621 691 671 inveniri
722 623 891 683 potest
921 647 995 653 —
1025 620 1071 668 h.
1099 635 1138 667 e.
1163 621 1263 667 tria
1294 619 1417 667 folia
1449 621 1782 685 quadragenis
1811 623 1940 671 senis

243 697 296 744 in
337 712 536 759 quaque
575 696 761 759 pagina
798 694 1024 743 versibus
1063 693 1274 755 scriptis.
1338 694 1462 742 adde
1504 695 1638 757 quod
1672 698 1939 759 utrumque

241 786 443 819 carmen
480 785 600 819 voce
643 770 761 831 Quis
798 769 990 831 incipit.
1054 768 1140 816 sed
1179 784 1277 816 non
1315 784 1485 830 premo
1523 769 1650 817 talia
1688 773 1802 832 post
1839 786 1940 819 cer-

241 845 493 894 tissimum
540 846 906 908 argumentum.
978 842 1161 904 quibus
1199 844 1368 889 autem
1407 846 1671 906 praeterea
1711 845 1775 892 ad
1813 845 1940 894 hanc

243 919 543 968 sententiam
580 917 1017 966 demonstrandam
1047 916 1298 965 Krohnius
1329 933 1445 965 usus
1478 921 1554 966 est
1584 919 1844 981 exemplis,
1884 935 1942 967 ea

241 996 418 1056 utpote
471 993 637 1042 minus
692 995 826 1041 certa
880 995 1093 1040 transeo,
1169 991 1343 1053 itaque
1389 991 1507 1039 licet
1552 993 1745 1054 possint
1792 994 1943 1041 etiam

242 1067 556 1116 heroicorum
593 1083 830 1116 versuum
868 1066 1088 1115 carmina
1125 1065 1257 1113 binis
1297 1065 1539 1114 columnis
1572 1069 1760 1129 scripta
1790 1068 1944 1116 fuisse

244 1169 318 1176 —-
359 1145 511 1205 atque
550 1142 843 1206 magnitudo
875 1140 1057 1189 codicis
1086 1134 1138 1188 X
1170 1139 1438 1187 admodum
1467 1141 1660 1189 faveret
1690 1141 1806 1190 huic
1839 1142 1944 1204 opi-

244 1217 385 1265 nioni
422 1244 496 1250 —
534 1233 624 1279 pro
673 1218 808 1265 certo
853 1214 946 1264 hoc
991 1216 1193 1263 tantum
1240 1215 1505 1263 contendo:
1552 1215 1612 1262 in
1652 1215 1854 1265 codice
1893 1211 1943 1266 X

246 1292 508 1354 scriptos
547 1291 738 1339 fuisse
779 1289 1197 1354 quadragenos
1237 1290 1453 1351 quinos
1485 1289 1611 1337 fere
1642 1306 1854 1339 versus
1884 1290 1945 1338 in

245 1382 481 1428 quaque
529 1365 778 1429 pagina,
824 1362 1368 1425 hendecasyllabos
1410 1366 1609 1412 autem
1648 1363 1808 1413 binis
1849 1380 1941 1414 co-

246 1435 529 1507 lumnis.¹)
600 1439 817 1488 codicem
856 1439 1002 1487 illum
1035 1433 1086 1486 X
1125 1437 1361 1485 continua
1401 1437 1650 1499 scriptura
1689 1442 1946 1487 exaratum

246 1515 399 1563 fuisse
445 1515 646 1563 videtur
691 1513 1022 1562 demonstrari
1069 1528 1126 1561 eo
1174 1512 1305 1574 quod
1351 1512 1403 1560 in
1449 1512 1612 1574 prima
1654 1514 1947 1576 praesertim

245 1589 559 1652 praefatione
599 1589 762 1636 multa
801 1588 931 1636 male
971 1587 1201 1636 coaluere
1238 1586 1413 1649 verba,
1460 1587 1623 1635 multa
1660 1588 1789 1636 falso
1829 1590 1947 1637 sunt

247 1663 499 1712 distincta.
561 1663 614 1710 in
654 1664 814 1711 altera
844 1662 1155 1725 praefatione
1187 1660 1388 1710 videtur
1418 1660 1654 1710 librarius
1684 1662 1947 1710 retinuisse

2010 380 2034 541 ξ

2008 564 2034 675 12

247 1753 478 1786 versuum
515 1737 917 1798 distributiones,
958 1736 1130 1799 quales
1162 1736 1367 1784 fuerunt
1398 1736 1451 1783 in
1483 1737 1768 1798 exemplari.
1830 1752 1948 1784 nam
2018 1752 2023 1772 ἰ

249 1812 378 1860 sicut
431 1812 485 1860 in
536 1811 856 1874 hexametris,
910 1812 1121 1859 fluctuat
1167 1825 1402 1858 versuum
1449 1810 1666 1859 ambitus
1713 1827 1803 1859 nec
1849 1827 1949 1859 non
2031 1836 2034 1880 Ξ

247 1886 644 1949 uniuscuiusque
674 1902 849 1935 versus
879 1885 1084 1934 initium
1115 1900 1298 1948 magna
1329 1884 1516 1932 initiali
1542 1888 1835 1933 exornatum
1860 1887 1948 1935 est.
2032 1883 2034 1906 ²

247 1961 397 2010 huius
427 1961 503 2009 rei
535 1961 688 2009 etiam
720 1961 822 2008 alia
855 1961 1055 2008 exstant
1077 1958 1292 2023 vestigia
1316 1958 1367 2006 in
1392 1960 1804 2022 praefationibus,
1838 1977 1877 2008 e.
1903 1977 1948 2024 g.
2002 1948 2007 1954 ⁶

249 2036 303 2083 in
350 2038 533 2099 quarta
579 2035 891 2098 praefatione
938 2051 997 2083 ex
1042 2034 1245 2082 vocibus
1293 2033 1532 2096 disruptis
1579 2037 1630 2081 et
1667 2034 1948 2082 initialibus

249 2110 444 2175 magnis
482 2111 563 2158 hic
600 2110 706 2159 illic
742 2109 918 2171 positis
949 2124 1185 2158 versuum
1216 2107 1365 2156 initia
1397 2108 1680 2157 coniectura
1712 2109 1950 2173 indagare

250 2185 382 2235 licet.
445 2184 722 2233 transcribo
764 2184 826 2232 ad
861 2185 988 2232 hanc
1018 2199 1123 2231 rem
1154 2183 1506 2231 iUustrandam
1538 2183 1724 2245 primos
1756 2197 1950 2231 versus:

325 2260 504 2308 Inveni
535 2261 714 2307 librum
744 2259 968 2307 marcelle
999 2259 1250 2307 carissime
1281 2272 1420 2317 quem
1442 2259 1618 2318 pietati

328 2334 466 2382 Tuae
497 2334 765 2381 didicarem
794 2348 903 2381 reor
937 2333 1155 2393 equidem
1187 2333 1329 2380 aliter
1360 2347 1508 2391 quam
1538 2334 1651 2380 invo
1662 2324 1705 2397 2)

327 2411 431 2456 cato
460 2409 660 2456 numine
690 2410 961 2456 maximum
989 2408 1298 2467 imperatoris
1328 2407 1523 2454 nullum
1554 2421 1675 2466 opus
1684 2399 1729 2472 ²)

329 2506 371 2562 1)
418 2504 543 2548 binis
600 2504 827 2548 columnis
882 2505 923 2548 si
975 2503 1235 2548 hexametri
1291 2517 1476 2559 quoque
1524 2503 1704 2546 exarati
1750 2502 1954 2555 fuerunt,

252 2563 456 2609 breviter
502 2565 674 2608 adnoto
722 2564 789 2608 sic
836 2577 914 2608 eas
955 2564 1153 2621 scriptas
1194 2562 1359 2630 fuisse,
1406 2565 1461 2606 ut
1498 2577 1592 2606 non
1633 2561 1752 2606 alter
1792 2575 1954 2605 versus

254 2625 456 2678 sinistra,
491 2624 611 2668 alter
639 2624 803 2667 dextra
828 2626 1048 2674 exstaret,
1082 2623 1164 2667 sed
1186 2625 1240 2667 ut
1262 2622 1467 2679 priorem
1490 2621 1707 2666 librarius
1733 2620 1956 2678 expleret,

255 2686 509 2740 antequam
555 2684 756 2728 alteram
803 2683 966 2727 adiret.
1034 2683 1143 2726 hinc
1191 2682 1485 2739 explicantur
1532 2695 1708 2726 errores
1754 2680 1776 2723 I
1817 2685 1856 2733 1,
1898 2684 1953 2723 57

253 2744 419 2789 humus
459 2749 643 2801 aeterna
684 2745 866 2814 crepido
904 2758 985 2788 nec
1022 2743 1145 2797 ferro
1184 2748 1268 2787 aut
1306 2756 1407 2786 aere
1448 2742 1661 2786 laborant
1695 2742 1742 2784 et
1772 2740 1794 2783 I
1825 2744 1866 2794 4,
1901 2743 1954 2782 77

254 2819 410 2863 timuit
441 2819 702 2875 pamphilia
740 2819 900 2875 fuchi
936 2831 1115 2871 messes,
1155 2817 1238 2860 ubi
1270 2815 1519 2860 scribentis
1552 2814 1677 2859 oculi
1709 2813 1769 2857 ad
1800 2813 1956 2869 proxi-

258 2907 385 2936 mum
415 2907 602 2936 versum
635 2893 974 2937 aberraverant
1040 2891 1097 2934 cf.
1123 2891 1269 2935 etiam
1300 2891 1320 2933 I
1351 2896 1394 2944 4,
1428 2894 1482 2933 86
1504 2904 1572 2944 sq.

332 2955 374 3009 2)
407 2955 522 2996 nota
555 2952 631 2996 hic
662 2951 908 2996 librarium
938 2951 1005 2993 ul
1036 2950 1158 2994 male
1190 2950 1332 2994 verba
1365 2924 1666 2993 distraxisse!
