2034 3126
296 129 402 182 162
904 130 953 174 P.
978 129 1184 174 PAPINI
1216 130 1390 174 STATI

297 285 429 335 quae
471 285 614 319 sacer
653 268 856 319 alterna
893 270 1103 319 tantum
1145 270 1370 319 statione
1408 268 1622 320 tenebat

293 339 477 409 Argus
513 344 565 392 et
603 341 746 393 haud
784 359 1037 409 umquam
1075 341 1333 410 vigilabat
1372 361 1589 411 corpore
1627 347 1768 396 tot0.‘

290 418 344 466 at
381 433 524 467 nunc
562 416 686 467 heu!
751 419 796 468 si
835 417 1027 484 aliquis
1068 417 1232 484 longa
1271 416 1367 468 sub
1407 420 1561 468 nocte
1599 419 1807 485 puellae

287 489 504 541 brachia
539 508 676 541 nexa
713 493 896 542 tenens
936 492 1078 541 ultro
1119 492 1191 558 te,
1234 489 1448 558 Somne,
1487 493 1719 560 repellit,
1931 505 1987 545 15

287 563 410 615 inde
448 567 570 615 veni
607 582 704 616 nec
743 567 795 616 te
834 566 973 616 totas
1013 564 1290 616 infundere
1328 583 1528 632 pennas

287 638 580 689 luminibus
623 639 882 706 compello
914 642 1044 690 meis
1086 669 1156 674 ——
1196 639 1297 690 hoc
1335 640 1494 691 turba
1530 643 1772 708 precetur

287 714 477 764 laetior
516 734 610 764 -ε
651 716 882 765 extremo
921 731 1005 764 me
1044 716 1204 781 tange
1244 717 1511 765 cacumine
1549 718 1751 783 virgae,

288 786 507 854 sufficit,
549 789 639 838 aut
678 788 864 839 leviter
905 805 1160 856 suspenso
1201 789 1404 856 poplite
1443 791 1625 840 transi.

1101 1025 1164 1078 V.

667 1131 994 1177 EPICEDION
1026 1133 1090 1177 IN
1123 1132 1378 1177 PUERUM
1411 1133 1590 1180 SUUM.

393 1231 479 1285 Me
518 1235 791 1285 miserum!
829 1251 1000 1302 neque
1042 1237 1182 1285 enim
1219 1233 1392 1286 verbis
1434 1234 1778 1286 sollemnibus
1818 1237 1932 1287 ulla

279 1309 534 1375 incipiam
571 1326 668 1360 nec
708 1305 969 1360 Castaliae
1007 1308 1279 1361 vocalibus
1319 1308 1474 1360 undis

279 1384 483 1434 invisus
524 1381 844 1450 Phoeboque
884 1385 1076 1451 gravis,
1139 1400 1271 1451 quae
1310 1386 1505 1449 vestra,
1547 1400 1772 1451 sororeS‚

281 1459 451 1524 orgia,
492 1455 716 1525 Pieriae,
758 1475 887 1524 quas
927 1460 1300 1509 incestavimus
1343 1457 1495 1509 aras?

281 1530 459 1598 dicite,
498 1533 622 1598 post
660 1549 887 1599 poenam
925 1533 1082 1583 liceat
1121 1535 1401 1584 commissa
1438 1532 1606 1583 fateri.
1951 1545 1977 1583 5

276 1605 540 1674 numquid
577 1609 844 1658 inaccesso
884 1610 1041 1674 posui
1079 1609 1305 1675 vestigia
1343 1606 1501 1658 luco?

276 1697 408 1730 num
446 1682 611 1732 vetito
653 1680 715 1732 de
754 1680 901 1732 fonte
939 1681 1088 1733 bibi?
1152 1699 1284 1749 quae
1325 1682 1501 1749 culpa,
1543 1683 1660 1748 quis
1701 1698 1867 1748 error,

279 1771 435 1822 quem
474 1755 671 1806 luimus
711 1755 913 1807 tantis?
975 1755 1322 1807 morientibus
1366 1773 1480 1807 ecce
1518 1756 1726 1806 lacertis

276 1831 478 1880 viscera
514 1831 700 1881 nostra
737 1832 920 1881 tenens
963 1833 1296 1898 animamque
1336 1831 1582 1881 avellitur
1618 1829 1816 1895 infans,

275 1920 386 1954 non
426 1902 488 1954 de
530 1905 693 1971 stirpe
734 1904 946 1972 quidem
984 1922 1080 1956 nec
1120 1908 1211 1973 qui
1249 1922 1366 1955 mea
1402 1907 1621 1956 nomina
1657 1903 1817 1955 ferret
1922 1917 1976 1957 10

277 1995 493 2045 oraque3
532 1995 644 2030 non
681 1979 884 2030 fueram
922 1981 1153 2047 genitor,
1195 1979 1283 2031 sed
1324 1981 1518 2030 cernite
1557 1977 1710 2029 fletus

274 2052 604 2120 liventesque
643 2071 805 2121 genas
847 2055 898 2104 et
938 2053 1130 2105 credite
1168 2053 1470 2122 planctibus
1512 2052 1649 2104 orbi:

275 2125 435 2177 orbus
478 2143 591 2194 ego,
653 2127 757 2178 huc
795 2130 971 2195 patres
1013 2130 1064 2179 et
1103 2130 1284 2196 aperto
1324 2130 1534 2196 pectore
1573 2128 1765 2178 matres

392 2295 437 2328 12
478 2300 628 2331 sacer:
676 2287 806 2331 vafer
843 2288 1091 2332 Heinsius:
1140 2290 1299 2332 tamen
1338 2287 1537 2346 Saenyer
1685 2294 1730 2328 14
1773 2285 1885 2332 heu!
1935 2286 1975 2330 si

273 2347 501 2390 Barthius
535 2352 636 2403 (qno
663 2348 857 2403 probato
889 2347 993 2403 quis
1025 2349 1079 2392 ci.
1106 2348 1464 2404 Phillimorius):
1504 2347 1639 2391 heus:
1680 2345 1775 2389 fors
1810 2347 1974 2390 Mark-

274 2406 443 2450 landns
532 2415 577 2448 17
600 2409 817 2463 precetur
831 2407 1077 2451 Heinsius:
1102 2408 1323 2463 precatur
1411 2415 1457 2450 1⁹
1483 2407 1565 2450 aut
1581 2431 1636 2437 —
1654 2405 1823 2450 transi:
1849 2408 1900 2449 at
1916 2431 1971 2438 —-

272 2464 445 2508 transit
475 2466 767 2511 Brandesius
797 2469 923 2510 1885
947 2481 997 2523 p.
1025 2470 1115 2513 581
1227 2467 1413 2511 leviter:
1447 2466 1572 2510 lente
1604 2466 1658 2509 ei.
1684 2466 1972 2522 Postyatius:

272 2523 416 2569 limen
449 2525 647 2583 Saenyer

390 2598 446 2643 V.
479 2615 720 2644 EPchIoN
745 2625 754 2634 ·
779 2615 827 2643 m
851 2625 860 2634 ·
887 2616 1064 2644 PUERUM
1090 2626 1100 2634 ·
1126 2616 1243 2645 smm
1268 2626 1277 2635 ·
1377 2610 1397 2644 1
1430 2598 1715 2645 solemnibus
1806 2606 1829 2640 2
1861 2612 1970 2642 nec:

270 2672 394 2702 nunc
426 2658 678 2704 Seriverius
716 2660 812 2716 (sed
841 2659 1029 2703 Phoebo
1071 2658 1163 2705 ἀπὸ
1202 2667 1366 2705 κοινοῦ
1405 2662 1541 2705 etiam
1573 2661 1634 2705 ad
1664 2657 1839 2700 invisus
1865 2671 1972 2713 per-

270 2718 403 2772 tinet;
428 2720 577 2774 inepte
600 2719 740 2763 undis
764 2719 941 2763 invisus
965 2720 1151 2777 dicitur)
1243 2729 1266 2763 5
1290 2719 1453 2764 liceat:
1478 2719 1626 2763 libeat
1646 2716 1912 2761 Skutschius

269 2776 432 2821 fateri:
466 2777 620 2822 doceri
654 2779 942 2824 Koestlinius
974 2783 1095 2824 1876
1121 2794 1168 2836 p.
1197 2783 1288 2824 523
1319 2781 1436 2824 male
1552 2788 1575 2823 8
1607 2775 1775 2823 tantis:
1807 2777 1971 2820 tantus

270 2837 538 2881 Politianus
627 2837 817 2882 lacertis
850 2853 898 2888 ςε
931 2838 1121 2883 lacestis
1211 2848 1235 2882 9
1269 2839 1567 2894 animamque
1598 2839 1664 2883 ed.
1685 2837 1967 2880 Parmensis:

271 2895 520 2952 animaque
670 2906 717 2940 12
750 2898 852 2942 orbi
882 2912 973 2943 voe.
991 2901 1117 2955 plur.
1143 2899 1363 2957 intelleyit
1395 2899 1730 2949 Marklandus,
1762 2909 1839 2952 690
1868 2910 1967 2953 qen·

267 2956 385 3013 siny.
412 2970 522 3000 nam
553 2956 616 2999 ad
647 2959 777 3002 orbos
807 2959 976 3002 transit
1005 2973 1044 3003 v.
1072 2962 1129 3003 13
1159 2958 1251 3002 huc
1282 2973 1367 3015 eqs.
