2034 3126
713 67 1026 112 SILVARUM
1055 68 1105 113 L.
1128 68 1164 123 1,
1190 73 1215 112 2
1746 70 1810 122 17

113 206 238 259 hinc
276 223 449 275 eques,
487 204 612 258 hinc
650 208 903 257 iuvenum
941 209 1175 274 questuS,
1216 206 1354 257 stola
1390 209 1557 258 mixta
1592 206 1812 260 laborat.

113 280 290 333 felices
328 282 583 348 utrosque
621 282 835 348 vocant,
877 279 966 332 sed
1004 283 1063 332 in
1102 283 1313 348 agmine
1352 281 1531 349 plures

111 354 346 407 invidere
383 357 513 407 viro.
573 353 883 406 iamdudum
920 357 1074 423 poste
1111 355 1322 407 reclinis

114 431 321 498 quaerit
356 427 571 497 Hymen
608 428 857 481 thalamis
897 432 1158 482 intactum
1197 428 1366 481 dicere
1406 447 1636 497 carmen,

114 522 220 573 quo
259 506 432 556 vatem
470 503 699 555 mulcere
739 506 912 572 queat.
975 503 1064 555 dat
1102 502 1238 556 Iuno
1276 503 1503 556 verenda

112 579 326 630 vincula
364 580 417 630 et
452 580 656 647 insigni
694 581 934 647 geminat
973 576 1269 631 Concordia
1306 578 1471 631 taeda.
1726 591 1811 630 ‘240

112 652 198 705 hic
236 653 341 705 fuit
376 653 468 705 ille
508 651 642 704 dies:
679 655 891 706 noctem
930 655 1085 705 canat
1122 656 1236 722 ipse
1275 655 1521 705 maritus!

112 730 372 797 quantum
408 744 566 779 nosse
605 728 750 795 licet,
792 731 866 779 sic
903 730 1043 780 victa
1082 745 1272 796 sopore
1312 727 1497 781 doloso

111 800 304 854 Martia
340 800 592 854 fluminea
628 805 811 871 posuit
849 803 989 854 latus
1029 801 1130 854 Ilia
1167 805 1305 871 ripa3

109 894 220 929 non
258 876 383 929 talis
421 879 605 929 niveos
644 879 807 929 tinxit
847 875 1068 929 Lavinia
1106 877 1308 944 vultus,

110 969 232 1003 cum
269 950 450 1003 Turno
491 953 760 1020 spectante
791 950 967 1020 rubet,
1005 969 1116 1004 non
1149 949 1371 1003 Claudia
1408 953 1531 1004 talis
1725 965 1811 1004 246

109 1028 341 1095 respexit
377 1026 608 1095 populos
648 1029 796 1079 mota
832 1029 940 1078 iam
978 1029 1130 1095 virgo
1172 1029 1362 1079 carina.

220 1118 364 1153 nunc
402 1118 552 1169 opus,
591 1098 865 1154 Aonidum
904 1104 1120 1154 comites
1156 1100 1532 1170 tripodumque
1563 1104 1811 1171 ministri,

110 1174 330 1228 diversis
370 1178 567 1227 certare
605 1175 800 1228 modis:
841 1179 925 1228 eat
964 1175 1155 1228 enthea
1192 1178 1340 1228 vittis
1415 1187 1418 1189 ’

110 1253 268 1319 atque
307 1249 513 1303 hederis
552 1250 798 1303 redimita
836 1250 1024 1303 cohors
1034 1292 1048 1318 ,
1087 1253 1149 1302 ut
1186 1251 1355 1319 pollet
1394 1253 1576 1303 ovanti

109 1327 334 1394 quisque
374 1325 504 1394 lyra.
567 1325 659 1378 sed
695 1329 989 1395 praecipui,
1030 1329 1123 1394 qui
1160 1324 1342 1378 nobile
1379 1342 1567 1394 gressu
1725 1338 1810 1378 250

109 1402 343 1452 extremo
382 1399 638 1452 fraudatis
679 1418 837 1470 opus,
877 1400 996 1453 date
1036 1403 1269 1452 carmina
1306 1400 1455 1453 festis

109 1473 273 1543 digna
310 1477 458 1527 toris.
519 1474 662 1528 hunc
699 1478 814 1544 ipse
855 1473 964 1528 Coo
1004 1475 1289 1544 plaudente
1329 1474 1555 1527 Philitas

109 1546 571 1619 Callimachusque
610 1567 767 1602 senex
805 1548 1116 1619 Umbroque
1154 1548 1463 1618 Propertius
1505 1552 1657 1602 antro

108 1623 399 1676 ambissent
435 1623 650 1678 laudare
688 1624 848 1692 diem,
887 1643 984 1677 nec
1023 1627 1191 1677 tristis
1230 1627 1288 1676 in
1326 1627 1458 1693 ipsis

107 1696 254 1751 Naso
294 1697 476 1752 Tomis
517 1698 767 1769 divesque
806 1699 925 1753 foco
957 1701 1166 1752 lucente
1205 1698 1466 1751 Tibullus
1723 1711 1808 1750 255

220 1791 302 1825 me
343 1777 480 1826 certe
518 1791 630 1827 non
669 1792 807 1827 unus
849 1793 997 1827 amor
1037 1774 1366 1843 simplexque
1407 1772 1626 1826 canendi

108 1865 267 1900 causa
304 1847 491 1901 trahit:
530 1851 707 1901 tecum
745 1850 943 1902 similes
985 1851 1298 1918 iunctaeque
1339 1846 1619 1915 Camenae,

109 1920 296 1991 Stella,
335 1922 491 1991 mihi,
528 1924 864 1994 multumque
902 1942 1054 1993 pares
1094 1923 1412 1976 bacchamur
1451 1922 1516 1975 ad
1556 1941 1670 1975 aras

107 2001 160 2050 et
199 2001 397 2051 sociam
438 1997 607 2051 doctis
646 1997 920 2051 haurimus
961 1999 1027 2052 ab
1067 1998 1311 2051 amnibus
1352 1997 1571 2066 undam,

106 2074 162 2124 at
200 2075 251 2125 te
289 2075 592 2125 nascentem
630 2077 834 2143 gremio
873 2092 991 2126 mea
1028 2076 1201 2143 prima
1240 2075 1436 2141 recepit
1721 2084 1808 2125 260

224 2315 299 2351 m
338 2307 556 2353 iuvenum
594 2310 788 2366 questus
827 2308 966 2353 hasta
997 2309 1086 2366 (del
1123 2308 1228 2364 1¹):
1269 2307 1490 2352 iuvenum
1522 2309 1659 2352 coetu
1691 2307 1807 2352 Ber-

28 2351 30 2353 *
104 2369 308 2413 uanius:
342 2366 371 2412 i.
397 2371 558 2413 coetus
591 2368 925 2421 Marmaridum
958 2370 1083 2414 locus
1112 2368 1443 2423 multifariam,
1474 2367 1551 2413 sed
1582 2367 1810 2412 inutiliter

106 2430 376 2486 temptatum
409 2428 638 2486 intelleqe:
666 2429 775 2474 hinc
804 2443 934 2486 eques
963 2433 1116 2486 αγρεε,
1146 2428 1253 2472 hinc
1282 2428 1465 2472 iuvenes
1495 2433 1672 2485 uryent,
1705 2441 1806 2484 que-

38 2526 43 2531 .
103 2492 251 2534 rentes
454 2487 598 2533 Stella
646 2488 908 2534 Violentilla
954 2503 984 2532 α
1031 2489 1189 2533 multis
1227 2489 1374 2544 petita
1411 2488 1589 2544 potitus
1627 2492 1690 2532 est

104 2552 178 2591 111
209 2559 286 2592 rec
306 2547 398 2592 inis
429 2546 497 2591 1¹
527 2548 656 2617 (ηψπ
686 2546 873 2593 reclivis
1017 2556 1093 2591 240
1123 2546 1298 2604 insigni
1330 2546 1541 2605 geminat
1572 2547 1684 2603 (scil.
1708 2548 1807 2591 vin-

104 2605 227 2663 ula)
258 2619 297 2652 c.
330 2606 493 2651 taeda:
532 2606 734 2665 insignis
765 2607 977 2666 geminat
1008 2606 1055 2652 C.
1089 2606 1231 2652 taeda
1264 2606 1567 2651 Parrhasius:
1609 2604 1807 2663 insignis

263 2667 317 2711 at
332 2664 379 2712 C.
404 2666 572 2711 taedas
590 2667 888 2713 Bon-homins
977 2675 1052 2711 2⁴8
1068 2680 1206 2711 nosse
1224 2681 1271 2716 ςι
1291 2679 1430 2711 nosce
1521 2673 1595 2709 2⁴8
1613 2664 1806 2710 Μαι-τίω

233 2724 244 2735 ’
277 2727 332 2771 σι’.
359 2726 679 2772 thimoriuo
710 2727 862 2785 (male)
982 2736 1056 2770 244
1090 2725 1232 2770 tinxit
1267 2726 1492 2784 Guyetus:
1531 2724 1720 2770 strinxit

105 2791 183 2830 βο
209 2784 477 2844 praecipui:
509 2786 764 2889 praecipue
796 2802 823 2838 ς
954 2795 1028 2830 252
1061 2786 1178 2831 choo
1211 2786 1286 2842 (ab
1318 2783 1468 2840 Κόως,
1499 2787 1557 2841 cf.
1586 2785 1808 2842 Imhofius

107 2846 231 2890 186⁷
252 2859 304 2903 p.
330 2849 376 2902 5)
482 2860 513 2902 p
549 2844 690 2902 ilytes
721 2848 796 2903 (cf.
823 2847 1027 2900 Ονόηενι,
1059 2845 1250 2891 Hermes
1281 2848 1356 2900 37,
1388 2848 1510 2890 1902
1533 2859 1583 2902 p.
1608 2846 1718 2901 212)

104 2911 180 2949 ¹⁸⁸
203 2907 359 2950 antro:
392 2917 501 2950 arvo
528 2905 767 2952 Cluverius
856 2914 930 2950 εδδ
955 2905 1128 2950 thomis
1222 2905 1323 2949 foco
1350 2905 1390 2959 (f
1408 2905 1459 2968 vfn
1482 2919 1573 2950 ras.
1590 2918 1646 2951 ex
1669 2918 1697 2948 v
1722 2905 1805 2962 1¹)

195 2986 315 3022 sun
339 2987 490 3021 sumn
539 2987 609 3021 nd.
625 2988 674 3021 11.
1513 2984 1538 3022 ‘2
