2034 3126
696 51 1008 97 SILVARUM
1038 51 1075 95 L
1115 52 1148 106 Ι,
1174 57 1199 95 3
1727 50 1796 103 19

209 196 328 261 ipsa
364 209 527 243 manu
566 193 748 243 tenera
784 192 960 242 tecum
1000 192 1274 258 scripsisse
1312 188 1575 257 Voluptas

101 289 124 314 *
191 287 216 314 *
282 286 308 313 *
374 286 400 313 *
465 286 488 310 ἡ
555 288 581 312 *
646 285 673 312 *
739 284 763 311 *
830 284 855 310 *
921 284 946 312 *
1012 283 1035 311 *
1102 284 1127 311 *
1195 283 1221 310 *
1289 283 1310 310 ss
1377 286 1400 309 ²0¹
1469 282 1492 310 *
1559 282 1584 309 *

94 345 222 393 tunc
260 339 441 392 Venus
480 338 662 392 Idaliis
702 341 858 390 unxit
894 339 1113 407 fastigia
1151 341 1289 390 sucis
1740 350 1793 389 10

93 416 477 485 permulsitque
516 416 680 466 comis
719 412 1080 481 blandumque
1118 413 1336 481 reliquit
1374 411 1631 465 honorem

95 490 328 557 sedibus,
369 491 421 541 et
458 489 698 541 volucres
738 489 909 540 vetuit
947 486 1209 540 discedere
1246 488 1417 540 natos.

206 583 237 617 o
276 565 501 633 longum
537 561 880 615 memoranda
918 561 1050 614 dies!
1113 579 1247 631 quae
1285 564 1461 614 mente
1500 564 1712 630 reporto

93 639 310 709 gaudia,
349 655 510 707 quam
547 638 716 690 lassos
755 654 851 706 per
889 639 972 689 tot
1009 637 1266 688 miracula
1303 638 1471 689 visus!

93 717 371 783 ingenium
408 730 569 782 quam
605 714 734 764 mite
774 712 912 764 solo!
975 729 1109 780 quae
1148 711 1320 764 forma
1356 710 1525 764 beatis
1742 723 1795 762 16

21 794 30 800 ”
94 791 216 841 ante
254 805 442 840 manus
482 789 754 855 artemque
792 787 947 839 locis!
1008 804 1120 838 non
1158 787 1361 855 largius
1401 803 1628 855 usquam

93 862 319 916 indulsit
355 859 565 914 Natura
603 860 720 914 sibi.
781 878 1000 913 nemora
1038 861 1147 913 alta
1185 862 1359 913 citatis

93 937 379 990 incubuere
416 935 588 1004 vadis3
626 935 792 988 fallax
830 938 1111 1004 responsat
1147 938 1327 1005 imago

94 1011 395 1079 frondibus,
434 1014 488 1064 et
524 1011 715 1080 longas
756 1010 938 1062 eadem
975 1010 1118 1079 fugit
1156 1009 1346 1062 umbra
1382 1028 1477 1078 per
1516 1009 1701 1062 undas.

93 1090 208 1156 ipse
246 1085 424 1139 Anien
455 1116 526 1122 --
558 1085 800 1138 miranda
836 1084 965 1137 fides
998 1116 1070 1121 —
1101 1085 1347 1154 infraque
1387 1102 1649 1153 superque
1742 1096 1799 1136 20

96 1180 282 1214 saxeus
321 1161 410 1214 hic
445 1159 708 1213 tumidam
745 1159 947 1213 rabiem
986 1177 1342 1229 spumosaque
1379 1162 1535 1228 ponit

94 1254 389 1304 murmura,
429 1253 524 1288 ceu
562 1234 758 1304 placidi
796 1237 995 1287 veritus
1036 1234 1251 1287 turbare
1289 1233 1509 1303 Vopisci

94 1310 403 1380 Pieriosque
441 1309 550 1363 dies
592 1313 645 1363 et
681 1309 935 1362 habentes
976 1313 1210 1362 carmina
1248 1326 1478 1362 somnos,

94 1387 223 1439 litus
264 1388 549 1455 οτι-01119118
588 1384 753 1452 domi,
791 1403 888 1437 nec
927 1387 979 1436 te
1018 1386 1333 1436 mitissimus
1374 1387 1544 1436 amnis

96 1460 299 1513 dividit.
362 1461 591 1513 alternas
633 1462 845 1512 servant
882 1461 1149 1528 praetoria
1186 1462 1353 1528 ripas,
1745 1470 1799 1511 25

95 1553 204 1589 non
244 1538 460 1587 externa
499 1534 602 1587 sibi
632 1532 919 1587 fluviorum
958 1536 1170 1603 opstare
1209 1535 1519 1603 queruntur.

97 1609 358 1664 Sestiacos
398 1627 542 1662 nunc
578 1607 745 1661 Fama
783 1611 930 1661 sinus
970 1609 1299 1679 pelagusque
1336 1609 1581 1660 natatum

95 1688 255 1738 iactet
294 1688 345 1737 et
384 1683 569 1737 audaci
607 1686 775 1737 victos
817 1683 1094 1752 delphinas
1135 1682 1361 1752 ephebo!

214 1824 240 1859 9
270 1817 428 1859 tecum
459 1813 720 1873 scripsisse:
752 1817 800 1859 te
833 1813 933 1857 vult
964 1812 1206 1871 scripsisse
1230 1814 1492 1859 Krohnius:
1524 1814 1704 1857 tectum
1729 1812 1798 1857 in-

96 1874 343 1933 scripsitne
384 1875 776 1928 Wadi-emathiam
815 1875 948 1919 nulla
987 1875 1158 1919 lacuna
1196 1874 1249 1918 in
1277 1877 1344 1927 Π,
1384 1887 1524 1930 quam
1557 1874 1724 1919 statuit
1757 1888 1802 1918 e:

96 1937 144 1980 te
190 1933 520 1992 conscripsisse
566 1934 662 1979 Leo
709 1937 833 1979 1892
864 1949 913 1991 p.
949 1938 1019 1978 17.
1066 1933 1213 1978 telam
1260 1931 1503 1990 scripsisse
1551 1933 1804 1979 coniecerat

108 1994 299 2040 Vollmer
329 1995 526 2050 <repetiit
553 1994 984 2051 Philumema
920 1994 1167 2039 admodum
1196 1994 1508 2050 probabiliter.
1564 1997 1678 2038 certe
1716 1992 1804 2038 Vo-

97 2054 251 2112 ἰκρία
297 2068 439 2099 mnu
486 2059 639 2099 tenera
683 2068 779 2099 non
824 2054 1010 2099 domum
1047 2053 1328 2123 aedificavit,
1375 2053 1453 2098 sed
1490 2054 1689 2108 formam
1727 2052 1803 2098 de-

92 2115 265 2172 pinxit.
327 2128 469 2171 quare
499 2114 660 2171 pluo-es
696 2127 852 2159 versus
886 2115 1075 2170 periisse
1114 2114 1210 2159 veri
1246 2114 1395 2158 simile
1426 2118 1512 2167 est,
1551 2113 1719 2170 quibus
1749 2112 1805 2158 dc

97 2174 287 2220 aedibus
315 2173 581 2219 extruendis
604 2179 744 2230 poeta
773 2179 924 2233 ερον-αι
1022 2181 1070 2217 10
1101 2172 1253 2218 Tunc:
1285 2187 1411 2217 nunc
1441 2172 1663 2231 Saenqer.
1699 2173 1802 2217 tum

104 2233 335 2292 Tt'lt'obroy
336 2248 366 2277 a
513 2242 555 2277 ιι
587 2232 782 2289 reliquit
811 2232 964 2289 1¹(?):
997 2231 1225 2290 relinquit
1369 2241 1415 2276 14
1446 2231 1617 2278 lassos:
1651 2231 1804 2276 lassus

100 2293 326 2339 Heinsius
498 2301 546 2336 ιο
578 2294 687 2337 ante
720 2294 990 2339 Bursianus
1019 2298 1061 2338 et
1091 2292 1464 2338 Sandstroemius
1495 2294 1621 2338 1878
1645 2296 1750 2350 111

99 2355 213 2398 Arte
355 2351 537 2410 noipse
570 2352 710 2397 anien
742 2367 791 2403 ς·
824 2352 933 2410 Ipsa
966 2354 1125 2397 autem
1268 2360 1313 2396 81
1347 2351 1523 2397 Saxeus
1555 2352 1693 2410 (quod
1724 2353 1806 2410 qui

0 2455 1 2462 ,
100 2414 198 2459 loca
234 2413 421 2466 viderit,
459 2426 554 2456 non
593 2413 871 2469 mutaverit).
911 2411 1091 2457 lacteus
1129 2413 1349 2471 Saenyer:
1391 2424 1610 2470 spumeus
1651 2410 1805 2457 Sand-

0 2465 2 2482 '
98 2474 336 2519 momina
369 2446 493 2517 1878
518 2486 566 2529 p.
594 2475 668 2527 13,
699 2472 818 2517 idem
850 2485 988 2517 saxos
1253 2480 1303 2516 88
1334 2471 1586 2517 habentes:
1621 2470 1804 2516 alentes

104 2531 347 2578 Heinsius:
385 2534 576 2576 aventes
608 2546 632 2575 ο
751 2539 800 2576 u
833 2531 981 2577 domi.
992 2485 1181 2576 adornas
1212 2546 1314 2577 cum
1347 2532 1511 2588 Lipsio
1543 2532 1805 2585 Baehrem;

0 2613 5 2663 L
101 2592 227 2638 Ῐοοικ
262 2591 565 2646 multimodis,
602 2591 682 2637 sed
717 2592 898 2647 [metra
936 2596 1180 2649 temptatus
1331 2604 1417 2636 nec
1447 2593 1496 2635 te
1527 2589 1804 2635 mitissimus

0 2696 5 2717 fr
99 2652 179 2709 (es.
203 2650 294 2697 tibi
324 2667 364 2697 v.
391 2654 490 2707 41):
522 2664 609 2696 nec
639 2649 731 2696 iter
760 2666 820 2696 m.
846 2651 998 2710 Saenq
998 2666 1066 2697 er.
1099 2650 1250 2696 nectit
1281 2652 1497 2708 (probato
1529 2650 1711 2706 domus)
1744 2665 1804 2696 m.

103 2711 392 2758 maenius
417 2713 540 2756 1885
561 2714 733 2769 116771
757 2724 818 2756 ne
842 2666 1231 2757 clementissimus
1254 2711 1462 2757 Kochius
1487 2714 1608 2756 1865
1625 2714 1744 2767 1115

102 2778 152 2815 x
174 2773 383 2817 servant:
408 2771 580 2815 ornant
603 2770 920 2817 Marklandus
1009 2779 1060 2815 u
1075 2769 1319 2815 fluviorum
1336 2773 1501 2828 optare
1518 2769 1726 2827 (obstare
1745 2772 1804 2826 o):

103 2828 242 2876 fluvio
272 2844 322 2876 se
358 2832 464 2886 (sive
493 2833 541 2874 te
576 2844 729 2888 nempe
771 2830 1028 2888 Vopiscum)
1061 2833 1226 2887 optare
1260 2830 1502 2876 Krohm'us
1645 2837 1692 2873 27
1728 2828 1807 2874 Se-

104 2889 277 2935 stiacos
309 2905 371 2936 m:
405 2889 644 2935 Sesciacos

1423 2959 1538 3007 ,2,
