2034 3126
783 97 1126 145 PRAEFATIO
1723 98 1819 142 V11‘

108 237 475 295 Laurentiano
514 236 652 310 plut.
685 233 770 305 29,
806 233 873 290 32
906 236 989 306 (L)
1030 241 1256 301 exaratO,
1295 241 1354 288 ut
1394 239 1661 287 Blandinio
1701 240 1809 302 pla-

107 320 224 380 cuit,
255 318 451 367 saeculo
475 316 749 378 undecimo,
779 314 966 365 rectius
989 317 1049 363 ut
1070 314 1284 375 videtur,
1317 330 1429 362 cum
1451 313 1808 363 recentioribus

106 394 297 442 decimo
352 391 548 441 saeculo
601 390 855 438 tribuitur.
938 391 1056 452 post
1109 390 1527 453 agrimemnrnm,
1581 389 1812 436 Frontini

105 467 423 531 potissimum
452 465 665 526 Iunique
696 464 866 526 Nipsi,
906 463 1092 526 scripta
1129 463 1393 524 nonnulla,
1435 462 1613 525 quibus
1651 463 1812 511 altera

106 557 283 591 manus
322 542 599 590 orationem
637 538 937 587 dominicam
969 541 1021 586 et
1053 537 1294 600 quosdam
1326 538 1386 585 de
1417 536 1608 586 Lazaro
1639 552 1810 586 versus

105 615 441 679 interspersit,
480 615 661 663 tertius
698 613 937 662 librarius
975 612 1130 676 paulo
1161 612 1406 660 recentior
1437 612 1638 674 scripsit
1666 612 1811 660 haec:

187 694 232 739 1.
278 690 363 739 fol.
399 689 682 738 28⁸—29·
725 688 875 736 med.:
922 686 1206 750 Epistolam
1244 686 1541 749 Hieronymi
1579 685 1644 734 ad
1682 685 1832 734 Dar-⁴

108 765 294 814 danum
324 763 384 812 de
415 763 678 828 generibus
708 762 1022 811 musicorum.

185 841 231 888 2.
271 838 357 887 fol.
392 839 487 887 29⁸
524 836 650 886 med.
681 837 842 886 tribus
880 835 1105 886 versibus
1138 836 1198 884 de
1237 835 1474 900 gradibus
1507 834 1813 900 dignitatum

106 914 307 962 brevem
318 913 446 962 hanc
459 913 713 961 notiffiam:
729 911 963 960 Decanus
974 912 1064 959 sub
1077 910 1364 960 centurione.
1397 911 1487 959 sub
1501 911 1696 959 tribwno
1708 925 1812 958 cen-

107 990 235 1037 turio
252 988 478 1036 tribunus
492 986 582 1035 sub
598 988 797 1035 vicario.
828 986 919 1034 sub
937 987 1103 1034 comite
1118 987 1336 1034 vicarius
1348 999 1502 1034 comes
1536 980 1543 1050 Ι
1576 986 1666 1033 sub
1680 986 1811 1033 duce.

107 1063 229 1111 Dux
242 1063 333 1111 sub
341 1062 570 1123 patricio.
594 1063 841 1123 patricius
857 1056 948 1110 sub
962 1075 1073 1122 reye
1089 1056 1196 1124 (sub
1211 1075 1266 1108 re
1277 1061 1330 1107 in
1342 1053 1464 1126 raa)
1479 1061 1812 1120 {imperatore

106 1137 276 1186 consul
313 1136 360 1185 ὤ·
380 1136 650 1197 proconsul
670 1150 799 1197 pene
828 1150 985 1183 unum
1013 1133 1045 1197 Γ
1077 1130 1084 1200 Ι
1120 1135 1287 1183 consul
1318 1136 1403 1195 qui
1433 1135 1564 1183 dona
1595 1135 1817 1183 consulat

106 1213 247 1273 reyis.
302 1211 349 1259 ὥ·
385 1225 534 1271 super
572 1225 712 1272 quem
749 1215 857 1259 una
892 1225 1080 1259 armum
1112 1209 1263 1258 donat
1290 1223 1352 1258 ne
1384 1209 1525 1258 elatio
1556 1209 1813 1270 subripiat.

186 1287 231 1335 3.
279 1286 366 1334 fol.
400 1286 496 1334 29·
541 1284 667 1334 med.
711 1311 778 1319 —
820 1285 906 1333 fol.
941 1285 1036 1333 30⁸
1074 1283 1223 1333 med:
1270 1282 1815 1347 GENEThLIACON3

108 1359 363 1410 LUCANI
392 1359 486 1408 AD
521 1357 787 1408 OPPIAM.
827 1359 911 1408 fol.
945 1360 1040 1408 29⁸
1069 1358 1286 1423 margini
1318 1357 1586 1420 adscripsit
1617 1359 1815 1407 saeculo

108 1438 247 1484 sexto
302 1434 492 1484 decimo
546 1433 720 1483 doctus
776 1434 980 1497 quidam
1033 1460 1107 1467 —
1161 1434 1373 1482 fortasse
1429 1432 1815 1496 Christophorus

107 1510 456 1571 Bartholinus,
496 1509 635 1557 cuius
669 1509 922 1571 quondam
954 1508 1107 1557 codex
1138 1508 1290 1556 fuisse
1322 1507 1522 1556 videtur
1557 1535 1620 1541 —
1654 1506 1815 1570 Statij.

183 1586 461 1647 sequuntur
498 1585 740 1631 minutiae
781 1582 1027 1646 quaedam
1066 1583 1167 1631 alia
1205 1599 1355 1631 manu
1396 1585 1650 1645 exaratae,
1691 1599 1815 1645 quas

107 1659 189 1708 hic
221 1674 509 1707 enumerare
542 1673 631 1707 nec
663 1673 787 1721 opus
820 1660 896 1707 est
926 1674 1016 1707 nec
1047 1657 1226 1720 placet.
1289 1657 1501 1720 Lucani,
1538 1674 1686 1720 quem
1717 1658 1815 1707 for·

108 1737 242 1784 tasse
274 1733 508 1782 carminis
535 1732 756 1782 Statiani
787 1735 1044 1782 auctorem
1077 1748 1182 1782 esse
1213 1734 1430 1796 putavit,
1462 1733 1660 1781 nomine
1685 1748 1815 1782 com-

108 1811 274 1857 motus
313 1807 513 1856 videtur
551 1823 656 1857 esse
698 1807 955 1870 librariu8‚
995 1810 1052 1855 ut
1085 1806 1446 1856 GenethJiacon
1485 1809 1691 1857 seorsim
1733 1823 1816 1856 ex—

108 1882 346 1932 scriberet
401 1898 512 1931 cum
567 1882 679 1931 aliis
733 1898 860 1945 quae
912 1882 1011 1945 ipsi
1064 1883 1248 1931 notitia
1302 1882 1454 1947 digna
1499 1883 1610 1930 visa
1660 1884 1816 1931 erant.

108 1972 282 2006 versus
312 1960 429 2005 sunt
460 1957 695 2006 continuo
728 1957 919 2020 scripti,
951 1956 1037 2005 sed
1068 1958 1269 2020 punctis
1301 1957 1561 2005 lineolisve
1586 1957 1740 2005 ferme
1764 1958 1818 2006 in

109 2031 205 2081 fine
248 2032 559 2096 singulorum
598 2047 829 2080 versuum
871 2031 1054 2081 additis
1094 2031 1333 2081 distincti.
1405 2031 1693 2080 maiusculis
1733 2032 1817 2080 lit-

108 2106 228 2156 teris
275 2122 392 2155 usus
440 2109 516 2155 est
560 2106 796 2155 librarius
842 2106 1004 2165 initiis
1049 2123 1096 2156 v.
1131 2108 1215 2156 40.
1250 2107 1335 2155 47.
1372 2107 1453 2156 55.
1491 2108 1575 2155 61.
1612 2108 1694 2155 62.
1731 2107 1815 2155 63.

110 2181 198 2230 64.
231 2181 315 2229 81.
350 2181 435 2230 83.
470 2181 554 2230 93.
590 2182 675 2230 98.
712 2182 831 2231 102.
869 2183 988 2230 111.
1018 2183 1137 2230 117.
1168 2183 1288 2230 121.
1318 2182 1438 2230 126.
1468 2182 1588 2231 134.
1643 2182 1817 2244 itaque

109 2255 384 2318 exemplar,
432 2255 561 2304 unde
608 2256 700 2304 hoc
739 2271 938 2304 carmen
978 2257 1193 2319 petitum
1234 2258 1332 2318 est,
1379 2272 1552 2305 versus
1593 2256 1815 2320 singulos

109 2330 320 2395 singulis
367 2331 513 2378 lineis
561 2330 837 2379 exhibuisse
882 2333 1104 2394 apparet.
1173 2332 1364 2395 primus
1405 2331 1684 2380 Politianus
1724 2331 1817 2379 hoc

108 2404 276 2453 codice
314 2419 434 2453 usus
475 2407 552 2453 est
582 2406 633 2453 et
663 2421 721 2454 ex
754 2421 810 2454 eo
843 2405 1087 2469 quaedam
1121 2405 1185 2454 ad
1216 2405 1511 2469 exemplaris
1544 2406 1643 2468 sui,
1683 2405 1816 2469 quod

111 2494 241 2527 nunc
279 2478 329 2527 in
370 2478 671 2528 bibliotheca
703 2478 997 2529 Corsiniana
1036 2483 1378 2543 conservatur,
1418 2481 1694 2545 marginem
1732 2480 1815 2528 ad-

110 2555 309 2602 notavit
346 2570 720 2617 nonnumquam
760 2554 933 2604 addita
971 2558 1092 2605 nota
1132 2549 1235 2618 A.¹)
1306 2555 1578 2604 Baehrenti
1618 2554 1816 2603 demum

190 2697 232 2752 1)
263 2694 325 2740 ad
356 2694 398 2739 11
416 2700 457 2750 7,
478 2702 498 2740 1
535 2697 651 2741 haec
682 2697 956 2755 adscripsit.
989 2698 1157 2743 Inveni
1185 2698 1268 2743 hoc
1289 2698 1601 2757 genethliacon
1624 2697 1676 2741 in
1701 2698 1816 2742 libro

109 2756 308 2812 quodam
332 2761 502 2802 vetusto
525 2758 578 2801 in
602 2770 690 2814 quo
713 2759 971 2816 eratqetiam
994 2758 1107 2803 liber
1133 2759 1202 2803 M.
1251 2759 1372 2803 Jum‘
1388 2758 1544 2816 Nypsi
1566 2762 1609 2803 et
1627 2758 1814 2802 contuli.

113 2814 237 2859 Erat
255 2817 307 2860 in
431 2830 494 2861 na
510 2819 619 2874 τευ(
603 2818 966 2874 (eratin-scriptio
974 2824 1057 2862 τοῦ
1068 2818 1228 2876 (you)
1245 2816 1401 2877 (eme)
1416 2816 1815 2876 Ge<nethliacon)

112 2871 230 2932 legit
324 2888 380 2919 ac
414 2874 665 2932 emuthius)
698 2876 857 2921 lucani
886 2877 949 2920 ad
980 2879 1179 2934 oppiam.
1241 2878 1457 2935 siynatur
1493 2876 1605 2922 liber
1641 2877 1726 2922 sic:
1774 2880 1816 2920 Δ

112 2933 299 2991 quando
314 2948 408 2980 non
423 2936 634 2993 eonqruit
650 2934 734 2993 (sic
749 2935 1098 2995 Zangemeister
1112 2936 1244 2995 legit,
1264 2936 1346 2981 alii
1359 2935 1512 2994 quod
1493 2950 1544 2981 m
1557 2949 1606 2982 eo
1620 2936 1813 2995 leyitwr).
