2034 3126
695 39 1008 85 summm
1039 39 1089 84 L.
1115 39 1171 97 11,
1200 46 1223 84 1
1737 39 1810 94 45

106 181 348 232 extimui!
387 181 516 231 tune
553 178 646 242 ille
683 177 870 230 hilaris
910 180 1180 246 comisque
1217 176 1421 229 videri?

113 254 252 306 unde
290 256 455 306 animi
495 270 781 321 saevaeque
819 270 1008 304 manus
1049 255 1102 304 et
1138 251 1394 304 barbarus
1433 252 1645 320 horror,

106 329 232 380 dum
269 327 427 381 modo
466 327 616 379 fusus
656 326 807 378 humi
845 327 1019 379 lucem
1058 329 1313 379 aversaris
1352 329 1615 395 iniquam,
1725 339 1809 379 170

103 421 247 455 nunc
284 405 468 455 torvus
506 404 707 470 pariter
744 404 914 453 vestes
955 403 1009 453 et
1044 403 1261 470 pectora
1298 404 1501 470 rumpis

104 477 428 546 dilectosque
465 478 661 545 premis
700 478 847 527 visus
888 478 941 528 et
978 475 1176 545 frigida
1213 474 1404 527 lambis

104 552 321 604 oscula?
382 553 533 603 erant
569 550 683 602 illic
720 552 935 619 genitor
970 553 1243 620 materque
1281 552 1501 602 iacentis

101 629 323 694 maesta,
363 625 454 678 sed
492 627 710 678 attoniti
747 627 800 676 te
841 627 1140 693 spectavere
1178 627 1438 694 parentes.

102 701 231 770 quid
260 700 492 753 mirum?
536 698 688 769 plebs
721 701 912 751 cuncta
939 699 1089 751 nefas
1124 702 1175 752 et
1204 702 1420 768 praevia
1449 698 1645 752 flerunt
1723 712 1806 753 175

101 779 337 844 agmina,
375 773 641 827 Flaminio
682 791 816 843 quae
854 775 1025 826 limite
1063 773 1295 827 Molvius
1336 791 1500 843 agger

15 854 19 907 .'
100 850 415 918 transvehit,
452 851 749 902 immeritus
789 847 1016 900 flammis
1058 848 1184 900 dum
1221 848 1465 901 tristibus
1504 849 1681 901 infans

99 924 342 978 traditur.
405 926 457 976 et
494 925 754 993 gemitum
792 923 1067 992 formaque
1107 941 1340 992 aevoque
1378 926 1632 976 meretur:

13 1013 20 1048 ’.
99 1000 222 1052 talis
261 1003 320 1052 in
356 998 671 1051 Isthmiacos
710 999 951 1067 prolatus
992 997 1057 1050 ab
1097 1016 1323 1067 aequore
1361 1000 1548 1067 portus

16 1110 17 1113 =
97 1074 389 1143 naufragus
428 1075 681 1142 imposita
717 1075 883 1125 iacuit
922 1072 1020 1125 sub
1059 1075 1226 1125 matre
1265 1072 1574 1142 Palaemon3
1721 1085 1805 1126 180

0 1165 22 1212 s
100 1152 176 1201 sic
215 1152 267 1201 et
303 1152 363 1201 in
401 1148 707 1218 anguiferae
745 1147 1016 1200 ludentem
1054 1151 1294 1217 gramine
1333 1146 1534 1200 Lernae

16 1278 19 1282 ,
97 1226 379 1277 rescissum
418 1226 651 1292 squamis
690 1222 875 1274 avidus
916 1221 1053 1275 bibit
1092 1226 1283 1292 anguis
1325 1221 1604 1292 Ophelten.

207 1316 347 1368 pone
385 1301 557 1350 metus
597 1296 819 1366 Letique
857 1300 1028 1349 minas
1071 1297 1262 1350 desiste
1301 1300 1490 1350 vereri:

95 1374 251 1425 illum
288 1391 385 1425 nec
423 1375 575 1425 terno
614 1371 832 1424 latrabit
871 1369 1127 1425 Cerberus
1169 1390 1280 1440 ore,

94 1449 247 1500 nulla
285 1466 435 1500 soror
472 1446 722 1515 flammis,
759 1447 913 1499 nulla
950 1446 1360 1516 adsurgentibus
1400 1447 1583 1516 hydris
1717 1460 1800 1500 185

94 1521 334 1591 terrebit3
375 1525 508 1592 quin
543 1525 658 1591 ipse
698 1521 879 1574 avidae
917 1524 1041 1574 trux
1078 1525 1262 1574 navita
1300 1522 1518 1574 cumbae

93 1601 318 1650 interius
359 1598 563 1650 steriles
602 1600 745 1666 ripas
785 1599 839 1649 et
877 1596 1065 1650 adusta
1104 1596 1306 1650 subibit

94 1673 274 1741 litora,
313 1690 379 1724 ne
418 1689 583 1741 puero
623 1671 755 1724 dura
792 1671 1090 1724 ascendisse
1127 1672 1368 1724 facultas,

207 1747 336 1816 quid
372 1747 507 1799 mihi
544 1746 800 1816 gaudenti
837 1747 1013 1816 proles
1056 1744 1299 1816 Cyllenia
1335 1750 1489 1815 virga

92 1822 344 1875 nuntiat?
370 1824 517 1874 estne
540 1820 743 1891 aliquid
765 1823 877 1874 tam
900 1839 1056 1874 saevo
1079 1825 1138 1874 in
1161 1825 1398 1891 tempore
1415 1822 1650 1874 laetum?
1716 1834 1799 1875 190

92 1900 313 1950 noverat
351 1896 553 1966 effigies
592 1900 942 1966 generosique
980 1896 1144 1949 ardua
1180 1896 1358 1950 Blaesi

210 2109 283 2145 188
326 2100 555 2147 barbarus
593 2116 658 2146 n:
704 2100 920 2147 barbaris
1070 2110 1145 2147 170
1184 2102 1327 2147 Dum:
1374 2116 1485 2147 nam
1529 2101 1631 2148 otto
1671 2106 1798 2148 1887

90 2174 136 2219 p.
155 2164 248 2208 532
338 2170 411 2205 178
441 2160 634 2206 lambis.
667 2160 814 2207 labris
839 2163 1129 2208 Koestlinius
1160 2165 1285 2207 1877
1301 2176 1351 2220 Ρ.
1372 2165 1481 2207 178:
1507 2161 1629 2207 libas
1655 2163 1797 2208 Bent-

91 2221 227 2276 leius3
266 2221 324 2276 cf.
352 2222 560 2267 Ambrae.
586 2221 641 2267 de
677 2222 805 2267 obitu
845 2222 1020 2268 Valent.
1046 2226 1108 2269 38
1139 2235 1305 2267 manus
1334 2222 1549 2266 vestras.
1614 2221 1795 2280 .impe·

26 2320 29 2321 ⁷
89 2280 265 2326 raterio
311 2294 390 2325 ore
436 2280 698 2327 lambebat.
717 2282 934 2328 Philostr.
958 2283 1037 2328 vit.
1061 2283 1183 2340 soph.
1211 2286 1253 2337 1,
1277 2285 1308 2326 8
1332 2296 1383 2340 Ρ.
1410 2285 1484 2337 12,
1511 2285 1567 2327 15
1612 2282 1798 2340 Kayser

89 2338 201 2386 πότε
227 2354 277 2385 σε
295 2340 381 2387 ἴδω
397 2340 479 2385 καὶ
494 2339 606 2386 κότε
622 2339 676 2386 τὸ
693 2338 839 2398 στόμα
855 2340 1093 2397 moadeca
1200 2350 1273 2385 170
1289 2341 1488 2386 Molvius
1507 2342 1581 2399 (cf.
1600 2342 1797 2387 Iordam’

88 2400 283 2446 adSau.
302 2401 528 2456 01111145,
547 2405 571 2445 1
596 2405 753 2446 notam
776 2406 818 2447 et
839 2402 1023 2448 Trebell.
1044 2402 1166 2448 Gall.
1186 2405 1262 2456 18,
1280 2405 1309 2446 5
1334 2403 1465 2447 Laet.
1483 2403 1588 2447 inst.
1604 2403 1714 2457 121,
1725 2404 1792 2459 6)·

89 2458 292 2505 Mulvius
327 2461 540 2506 Vollmer·
564 2459 754 2506 Milvius
779 2476 806 2511 5
896 2469 970 2506 178
994 2474 1201 2519 aevoque
1222 2461 1518 2507 Gulielmius.
1544 2475 1599 2505 ac
1622 2475 1734 2506 voce

88 2527 162 2565 178
191 2519 478 2565 isthamacos
597 2519 832 2591 prolatus·
872 2520 1085 2578 perlatus
1116 2521 1338 2581 Saenyer:
1372 2520 1584 2579 prolutus
1618 2522 1796 2567 Pozster

16 2631 18 2636 ,
91 2582 211 2625 1879
227 2594 276 2638 Ρ.
297 2583 356 2625 17
446 2579 726 2626 Isthmiaco.
746 2582 913 2638 .portu
934 2581 1036 2627 Otto
1061 2584 1187 2627 1887
1195 2595 1247 2639 Ρ
1266 2584 1378 2638 532;
1402 2580 1518 2626 sed
1505 2595 1582 2626 m.
1603 2583 1793 2638 portus

0 2758 25 3003 ξ

88 2653 192 2685 eum
221 2638 434 2710 prolatus
458 2640 848 2699 coniungendam
879 2642 995 2687 iacet
1018 2642 1138 2686 enim
1161 2642 1213 2687 in
1236 2641 1380 2695 litore,
1403 2655 1498 2685 non
1521 2642 1574 2685 in
1591 2645 1734 2698 portu

89 2707 160 2743 102
191 2698 336 2745 bibit·
370 2699 504 2744 dedit
534 2700 712 2746 Polster
733 2700 845 2745 ibid,
968 2700 1158 2760 anguis.
1190 2700 1316 2760 ignis
1349 2676 1637 2746 I’soestlinius
1669 2704 1794 2745 1877

81 2772 132 2818 Ρ.
158 2762 249 2805 178
369 2767 441 2803 188
473 2758 647 2805 desiste
677 2773 740 2829 ¹3²·
781 2759 1007 2806 desistere
1125 2768 1199 2805 188
1230 2760 1497 2806 ascendisse
1530 2775 1591 2804 m:
1630 2774 1793 2805 accen-

89 2817 213 2864 disse
302 2827 375 2863 180
405 2818 477 2863 vir
562 2833 625 2864 111.
658 2818 728 2864 vir
728 2833 788 2879 go
879 2828 948 2864 181
972 2819 1174 2878 effigies:
1207 2820 1413 2879 effigiem
1439 2834 1466 2870 5
1557 2819 1714 2865 Blaesi
1739 2835 1787 2871 5:

88 2876 230 2924 blessi
262 2878 338 2937 (es.
365 2882 467 2934 201,
557 2882 598 2933 8,
625 2880 698 2936 77)
