2034 3126
255 77 362 129 114
859 74 910 120 P.
934 73 1141 128 PAPINI
1172 74 1347 118 STATI

252 231 356 281 qua
394 212 494 264 tibi
535 212 750 264 sublimi
787 215 895 263 iam
931 229 1076 263 nunc
1116 211 1451 263 celeberrima
1489 212 1629 262 fama

251 289 446 339 eminet
485 288 537 338 et
572 289 778 338 iuvenis
818 285 1065 338 facundia
1101 288 1352 353 praeterit
1390 303 1572 337 annos
1895 299 1954 337 45

251 362 377 413 felix
418 363 683 428 curarum,
723 363 809 412 cui
844 377 957 411 non
993 358 1274 411 Heliconia
1313 359 1456 411 cordi

252 438 390 487 serta
425 453 523 487 nec
559 434 798 486 imbelles
837 433 1059 486 Parnasi
1098 452 1125 485 e
1162 436 1354 485 vertice
1393 435 1573 486 laurus
1583 475 1596 502 ,

252 509 341 562 sed
379 511 525 578 viget
562 511 838 577 ingenium
877 510 929 559 et
966 525 1189 576 magnos
1231 511 1494 559 accinctus
1535 512 1593 559 in
1632 526 1760 559 usus

250 585 353 636 fert
391 587 598 636 animus
639 599 995 651 quascumque
1034 585 1193 633 vices:
1233 600 1331 634 nos
1373 585 1484 634 otia
1520 586 1659 634 vitae

253 659 487 710 solamur
526 659 685 709 cantu
722 659 1045 724 ventosaque
1083 655 1279 724 gaudia
1317 657 1485 708 famae
1897 668 1955 706 50

252 736 567 801 quaerimus⁸
629 749 695 782 en
735 733 943 799 egomet
984 749 1229 782 somnum
1268 733 1319 782 et
1357 732 1565 799 geniale
1606 733 1813 782 secutus

251 808 402 874 111118,
442 806 536 857 ubi
574 803 817 857 Ausonio
860 823 913 856 se
953 804 1188 857 condidit
1225 805 1439 873 hospita
1477 807 1637 872 portu

250 881 605 948 Parthenope,
643 882 826 931 tenues
865 882 1060 947 ignavo
1099 879 1293 947 pollice
1332 879 1551 931 chordas

250 957 407 1024 pulso
446 953 788 1022 Maroneique
829 953 1010 1005 sedens
1050 957 1108 1004 in
1144 956 1384 1022 margine
1422 955 1609 1022 templi

253 1047 403 1082 sumo
445 1032 681 1080 animum
720 1031 772 1079 et
809 1031 992 1096 magni
1030 1029 1251 1079 tumulis
1293 1027 1513 1079 adcanto
1553 1029 1819 1096 magistri:
1898 1037 1955 1077 55

253 1107 306 1155 at
344 1107 427 1171 tu,
468 1107 513 1155 si
552 1104 703 1171 longi
744 1121 956 1154 cursum
995 1102 1141 1153 dabit
1179 1099 1414 1170 Atropos
1456 1105 1590 1169 aevi,

252 1209 323 1214 -—-
358 1177 560 1246 detque,
599 1195 798 1245 precor,
837 1175 1081 1244 Latiique
1122 1176 1267 1228 ducis
1309 1179 1383 1228 sic
1419 1179 1642 1228 numina
1678 1177 1928 1244 pergant,

254 1271 409 1321 quem
447 1252 548 1303 tibi
586 1251 892 1320 posthabito
934 1250 1169 1303 studium
1208 1253 1287 1302 est
1327 1251 1551 1302 coluisse
1589 1250 1850 1317 Tonante,

253 1330 450 1396 quique
487 1329 609 1378 tuos
651 1327 755 1377 alio
797 1325 1030 1377 subtexit
1066 1343 1282 1376 munere
1321 1325 1486 1377 fasces

254 1405 305 1453 et
345 1403 517 1469 spatia
556 1400 801 1468 obliquae
838 1399 1056 1451 mandat
1093 1417 1345 1451 renovare
1383 1398 1624 1451 Latinae!
1664 1429 1735 1434 ——
1900 1410 1956 1449 60

251 1477 480 1528 forsitan
517 1472 784 1526 Ausonias
823 1474 926 1526 ibis
967 1475 1171 1525 frenare
1212 1474 1451 1526 cohortes

253 1553 346 1602 aut
384 1549 559 1601 Rheni
596 1550 826 1617 populos
867 1551 959 1599 aut
996 1552 1180 1616 nigrae
1219 1549 1379 1600 litora
1417 1548 1612 1616 Thyles

254 1627 347 1676 aut
384 1623 631 1676 Histrum
672 1641 876 1675 servare
916 1622 1071 1674 datur
1107 1622 1491 1690 metuendaque
1530 1625 1714 1690 portae

254 1701 442 1751 limina
481 1696 775 1766 Caspiacae.
836 1715 934 1749 nec
974 1700 1114 1748 enim
1152 1697 1250 1748 tibi
1293 1698 1407 1749 sola
1443 1699 1677 1765 potentis

255 1775 453 1842 eloquii
491 1775 682 1824 virtus:
746 1774 871 1824 sunt
907 1771 1145 1823 membra
1183 1771 1518 1823 accommoda
1555 1771 1709 1822 bellis
1901 1783 1957 1821 65

256 1851 453 1917 quique
491 1865 708 1916 gravem
744 1846 892 1897 tarde
933 1846 1155 1898 subeant
1193 1846 1410 1898 thoraca
1447 1847 1651 1897 lacerti:

256 1941 347 1974 seu
387 1939 571 1990 campo
611 1920 768 1989 pedes
807 1924 884 1972 ire
922 1938 1096 1988 pareS,
1138 1923 1216 1971 est
1255 1923 1470 1988 agmina
1509 1937 1669 1987 supra

253 1999 538 2048 nutaturus
580 2013 733 2063 apex3
775 2013 866 2047 seu
905 1995 1054 2046 frena
1093 1997 1338 2046 sonantia
1375 1994 1550 2046 flectes
1560 2035 1574 2061 ,

257 2073 447 2123 serviet
486 2088 638 2138 asper
678 2087 858 2137 equus.
919 2087 1018 2120 nos
1059 2069 1199 2120 facta
1237 2070 1409 2120 aliena
1448 2067 1680 2120 canendo

255 2148 524 2214 vergimur
561 2147 620 2195 in
661 2147 886 2195 senium:
948 2147 1180 2211 propriis
1220 2145 1280 2194 tu
1319 2143 1540 2211 pulcher
1576 2145 1635 2193 in
1674 2144 1832 2193 armis
1903 2153 1957 2191 70

254 2223 369 2288 ipse
409 2218 642 2271 canenda
679 2236 827 2287 geres
867 2235 1137 2286 parvoque
1177 2219 1416 2285 exempla
1451 2217 1663 2286 parabis

255 2311 451 2362 magna
490 2292 672 2360 Getae,
713 2292 902 2361 dignos
944 2310 1101 2360 quem
1137 2295 1244 2343 iam
1281 2310 1424 2344 nunc
1462 2292 1685 2359 belliger
1725 2292 1871 2341 actus

375 2490 425 2526 48
452 2495 583 2526 usus:
619 2495 758 2524 ausus
785 2481 1124 2526 Cornelissenus
1147 2483 1271 2526 1877
1286 2495 1336 2537 p.
1354 2484 1446 2525 290
1469 2486 1510 2525 et
1536 2480 1812 2538 Grasberyer
1835 2482 1959 2523 1877

252 2557 299 2599 p.
321 2545 431 2586 774:
466 2543 598 2585 actus
630 2542 684 2585 ci.
704 2542 940 2585 Baehrens
1030 2549 1080 2583 60
1107 2540 1347 2596 obliquae:
1383 2540 1606 2596 antiquae
1632 2554 1655 2582 c
1745 2547 1794 2581 68
1820 2538 1960 2582 datur

257 2603 546 2647 Politianus:
573 2601 731 2644 datus:
756 2599 884 2644 latus
902 2615 924 2643 c
1015 2609 1064 2643 64
1079 2600 1318 2657 pontentis
1409 2607 1458 2642 05
1474 2599 1669 2643 menbra
1758 2607 1808 2641 00
1823 2599 1958 2642 tarde

258 2662 364 2717 (def.
382 2661 601 2715 Imhofius
625 2663 746 2704 1889
761 2674 811 2717 p.
829 2664 920 2704 156
943 2664 985 2704 et
1007 2660 1311 2705 Schwartzius
1335 2662 1460 2703 1889
1475 2674 1524 2716 p.
1545 2660 1639 2714 13):
1672 2658 1800 2701 haud
1823 2658 1959 2702 tarde

259 2721 506 2765 Barthius:
541 2719 727 2763 artandi
759 2720 811 2764 ci.
831 2720 1169 2764 Phillimorius:
1202 2718 1366 2763 faciles
1395 2719 1496 2764 Otto
1520 2721 1643 2762 1887
1659 2732 1709 2774 p.
1727 2721 1816 2762 539
1824 2734 1841 2771 ;
1873 2718 1960 2761 alii

258 2782 358 2824 alia
448 2788 495 2822 07
530 2781 621 2824 est:
653 2779 743 2823 iste
775 2780 827 2824 ci.
852 2779 1172 2824 Phillimorius
1200 2779 1317 2823 male
1408 2786 1457 2821 68
1488 2779 1738 2821 nutaturus
1771 2791 1819 2826 ςε
1851 2775 1960 2820 Nit-

257 2842 420 2883 taurus
536 2847 580 2881 71
610 2838 712 2895 ipse
745 2852 792 2887 ςε
824 2838 933 2894 Ipsa
1044 2851 1281 2895 parvoque
1314 2853 1360 2888 ς;
1393 2849 1632 2894 parvaque
1740 2845 1787 2879 72
1820 2849 1960 2891 quem

258 2904 392 2944 recte:
427 2899 507 2954 qui
538 2898 857 2942 Phillimorius
