<?xml version="1.0" encoding="UTF-8"?>
<!DOCTYPE html PUBLIC "-//W3C//DTD XHTML 1.0 Transitional//EN"
    "http://www.w3.org/TR/xhtml1/DTD/xhtml1-transitional.dtd">
<html xmlns="http://www.w3.org/1999/xhtml" xml:lang="en" lang="en">
 <head>
  <title>
</title>
<meta http-equiv="Content-Type" content="text/html;charset=utf-8" />
  <meta name='ocr-system' content='tesseract 3.04.00' />
  <meta name='ocr-capabilities' content='ocr_page ocr_carea ocr_par ocr_line ocrx_word'/>
</head>
<body>
  <div class='ocr_page' id='page_1' title='image "./ppapinistatisilv00statuoft_0134.png"; bbox 0 0 2034 3126; ppageno 0'>
   <div class='ocr_carea' id='block_1_1' title="bbox 198 53 1293 109">
    <p class='ocr_par' dir='ltr' id='par_1_1' title="bbox 198 53 1293 109">
     <span class='ocr_line' id='line_1_1' title="bbox 198 53 1293 109; baseline 0.001 -13"><span class='ocrx_word' id='word_1_1' title='bbox 198 57 271 109; x_wconf 88' lang='lat'>30</span> <span class='ocrx_word' id='word_1_2' title='bbox 807 54 856 99; x_wconf 88' lang='lat' dir='ltr'>P.</span> <span class='ocrx_word' id='word_1_3' title='bbox 882 53 1086 99; x_wconf 81' lang='lat' dir='ltr'>PAPINI</span> <span class='ocrx_word' id='word_1_4' title='bbox 1118 54 1293 98; x_wconf 81' lang='lat' dir='ltr'>sTATI</span> 
     </span>
    </p>
   </div>
   <div class='ocr_carea' id='block_1_2' title="bbox 149 192 1899 2036">
    <p class='ocr_par' dir='ltr' id='par_1_2' title="bbox 199 192 1665 262">
     <span class='ocr_line' id='line_1_2' title="bbox 199 192 1665 262; baseline -0.001 -16"><span class='ocrx_word' id='word_1_5' title='bbox 199 192 461 262; x_wconf 83' lang='lat' dir='ltr'><strong>Curaque,</strong></span> <span class='ocrx_word' id='word_1_6' title='bbox 503 193 628 244; x_wconf 92' lang='lat' dir='ltr'>dum</span> <span class='ocrx_word' id='word_1_7' title='bbox 665 192 849 245; x_wconf 87' lang='lat' dir='ltr'>nitidis</span> <span class='ocrx_word' id='word_1_8' title='bbox 892 195 1126 244; x_wconf 91' lang='lat' dir='ltr'>canimus</span> <span class='ocrx_word' id='word_1_9' title='bbox 1166 194 1489 260; x_wconf 75' lang='lat' dir='ltr'>gemmantia</span> <span class='ocrx_word' id='word_1_10' title='bbox 1528 196 1665 244; x_wconf 85' lang='lat' dir='ltr'>saxis</span> 
     </span>
    </p>

    <p class='ocr_par' dir='ltr' id='par_1_3' title="bbox 197 265 1661 335">
     <span class='ocr_line' id='line_1_3' title="bbox 197 265 1661 335; baseline -0.001 -16"><span class='ocrx_word' id='word_1_11' title='bbox 197 268 386 319; x_wconf 88' lang='lat' dir='ltr'>balnea</span> <span class='ocrx_word' id='word_1_12' title='bbox 424 267 653 335; x_wconf 92' lang='lat' dir='ltr'>dumque</span> <span class='ocrx_word' id='word_1_13' title='bbox 691 285 886 335; x_wconf 83' lang='lat' dir='ltr'>procax</span> <span class='ocrx_word' id='word_1_14' title='bbox 925 269 1073 318; x_wconf 86' lang='lat' dir='ltr'>vittis</span> <span class='ocrx_word' id='word_1_15' title='bbox 1112 265 1444 334; x_wconf 82' lang='lat' dir='ltr'>hederisque,</span> <span class='ocrx_word' id='word_1_16' title='bbox 1486 267 1661 318; x_wconf 89' lang='lat' dir='ltr'>soluta</span> 
     </span>
    </p>

    <p class='ocr_par' dir='ltr' id='par_1_4' title="bbox 197 338 1502 409">
     <span class='ocr_line' id='line_1_4' title="bbox 197 338 1502 409; baseline 0 -16"><span class='ocrx_word' id='word_1_17' title='bbox 197 341 383 394; x_wconf 88' lang='lat' dir='ltr'>fronde</span> <span class='ocrx_word' id='word_1_18' title='bbox 422 340 735 409; x_wconf 84' lang='lat' dir='ltr'>verecunda,</span> <span class='ocrx_word' id='word_1_19' title='bbox 776 338 892 394; x_wconf 82' lang='lat' dir='ltr'>Clio</span> <span class='ocrx_word' id='word_1_20' title='bbox 931 359 1048 392; x_wconf 91' lang='lat' dir='ltr'>mea</span> <span class='ocrx_word' id='word_1_21' title='bbox 1086 339 1224 391; x_wconf 83' lang='lat' dir='ltr'>ludit</span> <span class='ocrx_word' id='word_1_22' title='bbox 1261 339 1502 393; x_wconf 76' lang='lat' dir='ltr'>Etrusco,</span> 
     </span>
    </p>

    <p class='ocr_par' dir='ltr' id='par_1_5' title="bbox 196 415 1895 559">
     <span class='ocr_line' id='line_1_5' title="bbox 196 415 1895 485; baseline 0 -17"><span class='ocrx_word' id='word_1_23' title='bbox 196 419 291 485; x_wconf 84' lang='lat' dir='ltr'>ite,</span> <span class='ocrx_word' id='word_1_24' title='bbox 331 416 455 468; x_wconf 90' lang='lat' dir='ltr'>deae</span> <span class='ocrx_word' id='word_1_25' title='bbox 494 415 707 483; x_wconf 83' lang='lat' dir='ltr'>virides,</span> <span class='ocrx_word' id='word_1_26' title='bbox 747 415 1083 484; x_wconf 88' lang='lat' dir='ltr'>liquidosque</span> <span class='ocrx_word' id='word_1_27' title='bbox 1124 415 1376 467; x_wconf 88' lang='lat' dir='ltr'>advertite</span> <span class='ocrx_word' id='word_1_28' title='bbox 1414 416 1594 467; x_wconf 85' lang='lat' dir='ltr'>vultus</span> <span class='ocrx_word' id='word_1_29' title='bbox 1843 430 1895 468; x_wconf 86' lang='lat'>15</span> 
     </span>
     <span class='ocr_line' id='line_1_6' title="bbox 199 489 1589 559; baseline -0.001 -16"><span class='ocrx_word' id='word_1_30' title='bbox 199 494 250 543; x_wconf 88' lang='lat' dir='ltr'>et</span> <span class='ocrx_word' id='word_1_31' title='bbox 287 493 516 542; x_wconf 85' lang='lat' dir='ltr'>vitreum</span> <span class='ocrx_word' id='word_1_32' title='bbox 554 493 746 542; x_wconf 92' lang='lat' dir='ltr'>teneris</span> <span class='ocrx_word' id='word_1_33' title='bbox 788 493 985 542; x_wconf 86' lang='lat' dir='ltr'>crinem</span> <span class='ocrx_word' id='word_1_34' title='bbox 1022 489 1262 541; x_wconf 86' lang='lat' dir='ltr'>redimite</span> <span class='ocrx_word' id='word_1_35' title='bbox 1303 489 1589 559; x_wconf 80' lang='lat' dir='ltr'>corymbiS‚</span> 
     </span>
    </p>

    <p class='ocr_par' dir='ltr' id='par_1_6' title="bbox 149 565 1433 633">
     <span class='ocr_line' id='line_1_7' title="bbox 149 565 1433 633; baseline -0.002 -15"><span class='ocrx_word' id='word_1_36' title='bbox 149 567 162 579; x_wconf 81' lang='grc'><em>“</em></span> <span class='ocrx_word' id='word_1_37' title='bbox 197 568 341 618; x_wconf 86' lang='lat' dir='ltr'>veste</span> <span class='ocrx_word' id='word_1_38' title='bbox 378 566 517 619; x_wconf 86' lang='lat' dir='ltr'>nihil</span> <span class='ocrx_word' id='word_1_39' title='bbox 554 567 742 632; x_wconf 89' lang='lat' dir='ltr'>tectae,</span> <span class='ocrx_word' id='word_1_40' title='bbox 783 565 962 633; x_wconf 87' lang='lat' dir='ltr'>quales</span> <span class='ocrx_word' id='word_1_41' title='bbox 1005 566 1271 632; x_wconf 74' lang='lat' dir='ltr'>emergitis</span> <span class='ocrx_word' id='word_1_42' title='bbox 1313 565 1433 616; x_wconf 91' lang='lat' dir='ltr'>altis</span> 
     </span>
    </p>

    <p class='ocr_par' dir='ltr' id='par_1_7' title="bbox 198 637 1535 708">
     <span class='ocr_line' id='line_1_8' title="bbox 198 637 1535 708; baseline 0 -17"><span class='ocrx_word' id='word_1_43' title='bbox 198 639 437 692; x_wconf 89' lang='lat' dir='ltr'>fontibus</span> <span class='ocrx_word' id='word_1_44' title='bbox 481 642 531 691; x_wconf 90' lang='lat' dir='ltr'>et</span> <span class='ocrx_word' id='word_1_45' title='bbox 568 642 687 691; x_wconf 85' lang='lat' dir='ltr'>visu</span> <span class='ocrx_word' id='word_1_46' title='bbox 728 637 945 708; x_wconf 84' lang='lat' dir='ltr'>Satyros</span> <span class='ocrx_word' id='word_1_47' title='bbox 985 641 1243 707; x_wconf 91' lang='lat' dir='ltr'>torquetis</span> <span class='ocrx_word' id='word_1_48' title='bbox 1286 642 1535 691; x_wconf 79' lang='lat' dir='ltr'>amantes,</span> 
     </span>
    </p>

    <p class='ocr_par' dir='ltr' id='par_1_8' title="bbox 197 713 1896 917">
     <span class='ocr_line' id='line_1_9' title="bbox 197 713 1677 783; baseline -0.002 -16"><span class='ocrx_word' id='word_1_49' title='bbox 197 732 309 767; x_wconf 90' lang='lat' dir='ltr'>non</span> <span class='ocrx_word' id='word_1_50' title='bbox 346 732 462 782; x_wconf 77' lang='lat' dir='ltr'>VOS,</span> <span class='ocrx_word' id='word_1_51' title='bbox 504 731 637 783; x_wconf 90' lang='lat' dir='ltr'>quae</span> <span class='ocrx_word' id='word_1_52' title='bbox 676 714 833 782; x_wconf 90' lang='lat' dir='ltr'>culpa</span> <span class='ocrx_word' id='word_1_53' title='bbox 868 713 1022 765; x_wconf 91' lang='lat' dir='ltr'>decus</span> <span class='ocrx_word' id='word_1_54' title='bbox 1062 713 1359 765; x_wconf 74' lang='lat' dir='ltr'>infamastis</span> <span class='ocrx_word' id='word_1_55' title='bbox 1400 731 1677 782; x_wconf 83' lang='lat' dir='ltr'>aquarum,</span> 
     </span>
     <span class='ocr_line' id='line_1_10' title="bbox 200 787 1896 857; baseline 0.001 -16"><span class='ocrx_word' id='word_1_56' title='bbox 200 790 484 842; x_wconf 90' lang='lat' dir='ltr'>sollicitare</span> <span class='ocrx_word' id='word_1_57' title='bbox 522 791 692 857; x_wconf 84' lang='lat' dir='ltr'>iuvat3</span> <span class='ocrx_word' id='word_1_58' title='bbox 730 789 919 857; x_wconf 91' lang='lat' dir='ltr'>procul</span> <span class='ocrx_word' id='word_1_59' title='bbox 956 788 1080 839; x_wconf 86' lang='lat' dir='ltr'>hinc</span> <span class='ocrx_word' id='word_1_60' title='bbox 1122 790 1173 839; x_wconf 92' lang='lat' dir='ltr'>et</span> <span class='ocrx_word' id='word_1_61' title='bbox 1211 787 1358 839; x_wconf 85' lang='lat' dir='ltr'>fonte</span> <span class='ocrx_word' id='word_1_62' title='bbox 1398 787 1582 840; x_wconf 90' lang='lat' dir='ltr'>doloso</span> <span class='ocrx_word' id='word_1_63' title='bbox 1841 803 1896 842; x_wconf 82' lang='lat'>20</span> 
     </span>
     <span class='ocr_line' id='line_1_11' title="bbox 202 860 1503 917; baseline -0.002 -1"><span class='ocrx_word' id='word_1_64' title='bbox 202 862 454 917; x_wconf 82' lang='lat' dir='ltr'>Salmacis</span> <span class='ocrx_word' id='word_1_65' title='bbox 496 866 547 915; x_wconf 90' lang='lat' dir='ltr'>et</span> <span class='ocrx_word' id='word_1_66' title='bbox 584 863 773 915; x_wconf 87' lang='lat' dir='ltr'>viduae</span> <span class='ocrx_word' id='word_1_67' title='bbox 813 860 1132 915; x_wconf 83' lang='lat' dir='ltr'>Cebrenidos</span> <span class='ocrx_word' id='word_1_68' title='bbox 1173 861 1318 913; x_wconf 89' lang='lat' dir='ltr'>arida</span> <span class='ocrx_word' id='word_1_69' title='bbox 1356 863 1503 914; x_wconf 91' lang='lat' dir='ltr'>luctu</span> 
     </span>
    </p>

    <p class='ocr_par' dir='ltr' id='par_1_9' title="bbox 199 936 1581 1006">
     <span class='ocr_line' id='line_1_12' title="bbox 199 936 1581 1006; baseline 0 -17"><span class='ocrx_word' id='word_1_70' title='bbox 199 937 421 989; x_wconf 85' lang='lat' dir='ltr'>flumina</span> <span class='ocrx_word' id='word_1_71' title='bbox 460 940 511 990; x_wconf 93' lang='lat' dir='ltr'>et</span> <span class='ocrx_word' id='word_1_72' title='bbox 549 936 798 990; x_wconf 91' lang='lat' dir='ltr'>Herculei</span> <span class='ocrx_word' id='word_1_73' title='bbox 836 936 1138 1006; x_wconf 77' lang='lat' dir='ltr'>praedatrix</span> <span class='ocrx_word' id='word_1_74' title='bbox 1177 936 1326 989; x_wconf 90' lang='lat' dir='ltr'>cedat</span> <span class='ocrx_word' id='word_1_75' title='bbox 1365 937 1581 989; x_wconf 90' lang='lat' dir='ltr'>alumni.</span> 
     </span>
    </p>

    <p class='ocr_par' dir='ltr' id='par_1_10' title="bbox 198 1011 1898 1156">
     <span class='ocr_line' id='line_1_13' title="bbox 198 1011 1898 1082; baseline 0.001 -18"><span class='ocrx_word' id='word_1_76' title='bbox 198 1031 291 1065; x_wconf 86' lang='lat' dir='ltr'>vos</span> <span class='ocrx_word' id='word_1_77' title='bbox 331 1012 485 1079; x_wconf 88' lang='lat' dir='ltr'>mihi,</span> <span class='ocrx_word' id='word_1_78' title='bbox 534 1030 667 1081; x_wconf 91' lang='lat' dir='ltr'>quae</span> <span class='ocrx_word' id='word_1_79' title='bbox 706 1011 918 1063; x_wconf 90' lang='lat' dir='ltr'>Latium</span> <span class='ocrx_word' id='word_1_80' title='bbox 958 1013 1277 1080; x_wconf 89' lang='lat' dir='ltr'>septenaque</span> <span class='ocrx_word' id='word_1_81' title='bbox 1318 1012 1570 1079; x_wconf 87' lang='lat' dir='ltr'>culmina,</span> <span class='ocrx_word' id='word_1_82' title='bbox 1616 1013 1898 1082; x_wconf 87' lang='lat' dir='ltr'>nymphae,</span> 
     </span>
     <span class='ocr_line' id='line_1_14' title="bbox 199 1085 1530 1156; baseline -0.002 -17"><span class='ocrx_word' id='word_1_83' title='bbox 199 1088 432 1140; x_wconf 89' lang='lat' dir='ltr'>incolitis</span> <span class='ocrx_word' id='word_1_84' title='bbox 473 1086 835 1156; x_wconf 88' lang='lat' dir='ltr'>Thybrimque</span> <span class='ocrx_word' id='word_1_85' title='bbox 872 1089 1025 1139; x_wconf 84' lang='lat' dir='ltr'>novis</span> <span class='ocrx_word' id='word_1_86' title='bbox 1066 1087 1311 1138; x_wconf 90' lang='lat' dir='ltr'>attollitis</span> <span class='ocrx_word' id='word_1_87' title='bbox 1352 1085 1530 1153; x_wconf 86' lang='lat' dir='ltr'>undis,</span> 
     </span>
    </p>

    <p class='ocr_par' dir='ltr' id='par_1_11' title="bbox 199 1159 1896 1380">
     <span class='ocr_line' id='line_1_15' title="bbox 201 1159 1896 1230; baseline 0 -17"><span class='ocrx_word' id='word_1_88' title='bbox 201 1180 329 1230; x_wconf 91' lang='lat' dir='ltr'>quas</span> <span class='ocrx_word' id='word_1_89' title='bbox 370 1179 618 1230; x_wconf 87' lang='lat' dir='ltr'>praeceps</span> <span class='ocrx_word' id='word_1_90' title='bbox 658 1159 835 1214; x_wconf 87' lang='lat' dir='ltr'>Anien</span> <span class='ocrx_word' id='word_1_91' title='bbox 874 1164 1031 1230; x_wconf 90' lang='lat' dir='ltr'>atque</span> <span class='ocrx_word' id='word_1_92' title='bbox 1071 1163 1352 1230; x_wconf 73' lang='lat' dir='ltr'>exceptura</span> <span class='ocrx_word' id='word_1_93' title='bbox 1388 1163 1600 1213; x_wconf 91' lang='lat' dir='ltr'>natatus</span> <span class='ocrx_word' id='word_1_94' title='bbox 1843 1175 1896 1214; x_wconf 82' lang='lat'>25</span> 
     </span>
     <span class='ocr_line' id='line_1_16' title="bbox 201 1235 1650 1305; baseline 0 -17"><span class='ocrx_word' id='word_1_95' title='bbox 201 1235 368 1305; x_wconf 92' lang='lat' dir='ltr'>Virgo</span> <span class='ocrx_word' id='word_1_96' title='bbox 408 1239 556 1288; x_wconf 87' lang='lat' dir='ltr'>iuvat</span> <span class='ocrx_word' id='word_1_97' title='bbox 593 1235 901 1305; x_wconf 85' lang='lat' dir='ltr'>Marsasque</span> <span class='ocrx_word' id='word_1_98' title='bbox 939 1239 1087 1288; x_wconf 85' lang='lat' dir='ltr'>nives</span> <span class='ocrx_word' id='word_1_99' title='bbox 1129 1237 1181 1287; x_wconf 89' lang='lat' dir='ltr'>et</span> <span class='ocrx_word' id='word_1_100' title='bbox 1218 1235 1420 1304; x_wconf 86' lang='lat' dir='ltr'>frigora</span> <span class='ocrx_word' id='word_1_101' title='bbox 1458 1235 1650 1288; x_wconf 90' lang='lat' dir='ltr'>ducens</span> 
     </span>
     <span class='ocr_line' id='line_1_17' title="bbox 199 1309 1629 1380; baseline -0.001 -17"><span class='ocrx_word' id='word_1_102' title='bbox 199 1310 418 1379; x_wconf 89' lang='lat' dir='ltr'>Marcia,</span> <span class='ocrx_word' id='word_1_103' title='bbox 457 1312 738 1380; x_wconf 90' lang='lat' dir='ltr'>praecelsis</span> <span class='ocrx_word' id='word_1_104' title='bbox 780 1328 1005 1380; x_wconf 88' lang='lat' dir='ltr'>quarum</span> <span class='ocrx_word' id='word_1_105' title='bbox 1042 1327 1179 1379; x_wconf 85' lang='lat' dir='ltr'>vaga</span> <span class='ocrx_word' id='word_1_106' title='bbox 1215 1309 1446 1362; x_wconf 91' lang='lat' dir='ltr'>molibus</span> <span class='ocrx_word' id='word_1_107' title='bbox 1486 1310 1629 1363; x_wconf 91' lang='lat' dir='ltr'>unda</span> 
     </span>
    </p>

    <p class='ocr_par' dir='ltr' id='par_1_12' title="bbox 199 1385 1899 1754">
     <span class='ocr_line' id='line_1_18' title="bbox 205 1385 1786 1454; baseline 0 -16"><span class='ocrx_word' id='word_1_108' title='bbox 205 1388 390 1438; x_wconf 90' lang='lat' dir='ltr'>crescit</span> <span class='ocrx_word' id='word_1_109' title='bbox 430 1388 481 1438; x_wconf 93' lang='lat' dir='ltr'>et</span> <span class='ocrx_word' id='word_1_110' title='bbox 518 1389 797 1438; x_wconf 91' lang='lat' dir='ltr'>innumero</span> <span class='ocrx_word' id='word_1_111' title='bbox 836 1385 1070 1454; x_wconf 90' lang='lat' dir='ltr'>pendens</span> <span class='ocrx_word' id='word_1_112' title='bbox 1110 1387 1492 1437; x_wconf 83' lang='lat' dir='ltr'>transmittitur</span> <span class='ocrx_word' id='word_1_113' title='bbox 1530 1403 1654 1438; x_wconf 91' lang='lat' dir='ltr'>arcu</span> <span class='ocrx_word' id='word_1_114' title='bbox 1694 1409 1786 1438; x_wconf 76' lang='lat' dir='ltr'>—z</span> 
     </span>
     <span class='ocr_line' id='line_1_19' title="bbox 199 1460 1899 1530; baseline 0 -17"><span class='ocrx_word' id='word_1_115' title='bbox 199 1463 432 1513; x_wconf 83' lang='lat' dir='ltr'>vestrum</span> <span class='ocrx_word' id='word_1_116' title='bbox 458 1479 591 1529; x_wconf 93' lang='lat' dir='ltr'>opus</span> <span class='ocrx_word' id='word_1_117' title='bbox 618 1460 969 1530; x_wconf 88' lang='lat' dir='ltr'>aggredimur,</span> <span class='ocrx_word' id='word_1_118' title='bbox 994 1462 1169 1512; x_wconf 86' lang='lat' dir='ltr'>vestra</span> <span class='ocrx_word' id='word_1_119' title='bbox 1193 1462 1285 1527; x_wconf 85' lang='lat' dir='ltr'>est,</span> <span class='ocrx_word' id='word_1_120' title='bbox 1311 1477 1471 1528; x_wconf 90' lang='lat' dir='ltr'>quam</span> <span class='ocrx_word' id='word_1_121' title='bbox 1495 1463 1723 1513; x_wconf 87' lang='lat' dir='ltr'>carmine</span> <span class='ocrx_word' id='word_1_122' title='bbox 1747 1462 1899 1514; x_wconf 87' lang='lat' dir='ltr'>molli</span> 
     </span>
     <span class='ocr_line' id='line_1_20' title="bbox 200 1533 1897 1604; baseline -0.001 -16"><span class='ocrx_word' id='word_1_123' title='bbox 200 1535 390 1604; x_wconf 87' lang='lat' dir='ltr'>pando,</span> <span class='ocrx_word' id='word_1_124' title='bbox 424 1534 624 1588; x_wconf 77' lang='lat' dir='ltr'>domuS.</span> <span class='ocrx_word' id='word_1_125' title='bbox 670 1553 782 1587; x_wconf 93' lang='lat' dir='ltr'>non</span> <span class='ocrx_word' id='word_1_126' title='bbox 808 1553 1061 1603; x_wconf 92' lang='lat' dir='ltr'>umquam</span> <span class='ocrx_word' id='word_1_127' title='bbox 1085 1535 1203 1586; x_wconf 86' lang='lat' dir='ltr'>aliis</span> <span class='ocrx_word' id='word_1_128' title='bbox 1228 1533 1507 1586; x_wconf 88' lang='lat' dir='ltr'>habitastis</span> <span class='ocrx_word' id='word_1_129' title='bbox 1531 1537 1589 1586; x_wconf 92' lang='lat' dir='ltr'>in</span> <span class='ocrx_word' id='word_1_130' title='bbox 1613 1538 1778 1588; x_wconf 86' lang='lat' dir='ltr'>antris</span> <span class='ocrx_word' id='word_1_131' title='bbox 1842 1547 1897 1587; x_wconf 85' lang='lat'>30</span> 
     </span>
     <span class='ocr_line' id='line_1_21' title="bbox 202 1607 1506 1679; baseline -0.002 -17"><span class='ocrx_word' id='word_1_132' title='bbox 202 1609 377 1662; x_wconf 78' lang='lat' dir='ltr'>ditius,</span> <span class='ocrx_word' id='word_1_133' title='bbox 438 1613 556 1679; x_wconf 89' lang='lat' dir='ltr'>ipsa</span> <span class='ocrx_word' id='word_1_134' title='bbox 592 1627 779 1662; x_wconf 89' lang='lat' dir='ltr'>manus</span> <span class='ocrx_word' id='word_1_135' title='bbox 819 1612 992 1662; x_wconf 92' lang='lat' dir='ltr'>tenuit</span> <span class='ocrx_word' id='word_1_136' title='bbox 1032 1607 1291 1678; x_wconf 82' lang='lat' dir='ltr'>Cytherea</span> <span class='ocrx_word' id='word_1_137' title='bbox 1327 1611 1506 1661; x_wconf 89' lang='lat' dir='ltr'>mariti</span> 
     </span>
     <span class='ocr_line' id='line_1_22' title="bbox 202 1682 1645 1754; baseline 0.001 -18"><span class='ocrx_word' id='word_1_138' title='bbox 202 1687 621 1754; x_wconf 85' lang='lat' dir='ltr'>monstravitque</span> <span class='ocrx_word' id='word_1_139' title='bbox 661 1687 820 1751; x_wconf 76' lang='lat' dir='ltr'>arteS,</span> <span class='ocrx_word' id='word_1_140' title='bbox 858 1702 963 1736; x_wconf 90' lang='lat' dir='ltr'>neu</span> <span class='ocrx_word' id='word_1_141' title='bbox 1002 1685 1123 1736; x_wconf 84' lang='lat' dir='ltr'>vilis</span> <span class='ocrx_word' id='word_1_142' title='bbox 1163 1682 1375 1735; x_wconf 91' lang='lat' dir='ltr'>flamma</span> <span class='ocrx_word' id='word_1_143' title='bbox 1414 1687 1645 1737; x_wconf 87' lang='lat' dir='ltr'>caminos</span> 
     </span>
    </p>

    <p class='ocr_par' dir='ltr' id='par_1_13' title="bbox 200 1756 1662 1828">
     <span class='ocr_line' id='line_1_23' title="bbox 200 1756 1662 1828; baseline 0 -17"><span class='ocrx_word' id='word_1_144' title='bbox 200 1761 394 1827; x_wconf 87' lang='lat' dir='ltr'>ureret,</span> <span class='ocrx_word' id='word_1_145' title='bbox 432 1763 551 1828; x_wconf 90' lang='lat' dir='ltr'>ipsa</span> <span class='ocrx_word' id='word_1_146' title='bbox 588 1759 726 1811; x_wconf 87' lang='lat' dir='ltr'>faces</span> <span class='ocrx_word' id='word_1_147' title='bbox 765 1759 1043 1811; x_wconf 83' lang='lat' dir='ltr'>volucrum</span> <span class='ocrx_word' id='word_1_148' title='bbox 1082 1758 1351 1811; x_wconf 81' lang='lat' dir='ltr'>succendit</span> <span class='ocrx_word' id='word_1_149' title='bbox 1388 1756 1662 1811; x_wconf 86' lang='lat' dir='ltr'>Amorum.</span> 
     </span>
    </p>

    <p class='ocr_par' dir='ltr' id='par_1_14' title="bbox 199 1830 1896 2036">
     <span class='ocr_line' id='line_1_24' title="bbox 199 1830 1675 1902; baseline -0.001 -16"><span class='ocrx_word' id='word_1_150' title='bbox 199 1852 309 1886; x_wconf 93' lang='lat' dir='ltr'>non</span> <span class='ocrx_word' id='word_1_151' title='bbox 346 1834 450 1887; x_wconf 91' lang='lat' dir='ltr'>huc</span> <span class='ocrx_word' id='word_1_152' title='bbox 490 1833 747 1886; x_wconf 89' lang='lat' dir='ltr'>admissae</span> <span class='ocrx_word' id='word_1_153' title='bbox 785 1833 986 1886; x_wconf 85' lang='lat' dir='ltr'>Thasos</span> <span class='ocrx_word' id='word_1_154' title='bbox 1029 1835 1120 1885; x_wconf 91' lang='lat' dir='ltr'>aut</span> <span class='ocrx_word' id='word_1_155' title='bbox 1158 1832 1363 1885; x_wconf 90' lang='lat' dir='ltr'>undosa</span> <span class='ocrx_word' id='word_1_156' title='bbox 1402 1830 1675 1902; x_wconf 78' lang='lat' dir='ltr'>CarystOS‚</span> 
     </span>
     <span class='ocr_line' id='line_1_25' title="bbox 200 1907 1896 1977; baseline 0 -17"><span class='ocrx_word' id='word_1_157' title='bbox 200 1911 396 1961; x_wconf 91' lang='lat' dir='ltr'>maeret</span> <span class='ocrx_word' id='word_1_158' title='bbox 436 1927 578 1977; x_wconf 91' lang='lat' dir='ltr'>onyx</span> <span class='ocrx_word' id='word_1_159' title='bbox 616 1909 798 1977; x_wconf 88' lang='lat' dir='ltr'>longe,</span> <span class='ocrx_word' id='word_1_160' title='bbox 839 1910 1180 1977; x_wconf 85' lang='lat' dir='ltr'>queriturque</span> <span class='ocrx_word' id='word_1_161' title='bbox 1220 1908 1460 1960; x_wconf 83' lang='lat' dir='ltr'>exclusus</span> <span class='ocrx_word' id='word_1_162' title='bbox 1502 1907 1730 1976; x_wconf 90' lang='lat' dir='ltr'>ophites:</span> <span class='ocrx_word' id='word_1_163' title='bbox 1841 1921 1896 1960; x_wconf 81' lang='lat'>35</span> 
     </span>
     <span class='ocr_line' id='line_1_26' title="bbox 202 1981 1497 2036; baseline -0.002 0"><span class='ocrx_word' id='word_1_164' title='bbox 202 1985 315 2036; x_wconf 90' lang='lat' dir='ltr'>sola</span> <span class='ocrx_word' id='word_1_165' title='bbox 351 1986 488 2035; x_wconf 86' lang='lat' dir='ltr'>nitet</span> <span class='ocrx_word' id='word_1_166' title='bbox 526 1982 675 2035; x_wconf 86' lang='lat' dir='ltr'>flavis</span> <span class='ocrx_word' id='word_1_167' title='bbox 715 1981 1019 2035; x_wconf 89' lang='lat' dir='ltr'>Nomadum</span> <span class='ocrx_word' id='word_1_168' title='bbox 1059 1982 1232 2034; x_wconf 88' lang='lat' dir='ltr'>decisa</span> <span class='ocrx_word' id='word_1_169' title='bbox 1268 1983 1497 2034; x_wconf 90' lang='lat' dir='ltr'>metallis</span> 
     </span>
    </p>
   </div>
   <div class='ocr_carea' id='block_1_3' title="bbox 196 2173 1900 2946">
    <p class='ocr_par' dir='ltr' id='par_1_15' title="bbox 196 2173 1900 2946">
     <span class='ocr_line' id='line_1_27' title="bbox 318 2173 1898 2219; baseline 0.001 -3"><span class='ocrx_word' id='word_1_170' title='bbox 318 2183 364 2217; x_wconf 78' lang='lat'>14</span> <span class='ocrx_word' id='word_1_171' title='bbox 388 2174 554 2218; x_wconf 87' lang='lat' dir='ltr'>fronde</span> <span class='ocrx_word' id='word_1_172' title='bbox 577 2174 841 2218; x_wconf 85' lang='lat' dir='ltr'>verecunda</span> <span class='ocrx_word' id='word_1_173' title='bbox 860 2174 1096 2219; x_wconf 78' lang='lat' dir='ltr'>Baehrens</span> <span class='ocrx_word' id='word_1_174' title='bbox 1118 2178 1160 2218; x_wconf 85' lang='lat' dir='ltr'>et</span> <span class='ocrx_word' id='word_1_175' title='bbox 1194 2174 1405 2219; x_wconf 85' lang='lat' dir='ltr'>Vollmer:</span> <span class='ocrx_word' id='word_1_176' title='bbox 1429 2173 1595 2218; x_wconf 88' lang='lat' dir='ltr'>fronde</span> <span class='ocrx_word' id='word_1_177' title='bbox 1619 2173 1898 2218; x_wconf 88' lang='lat' dir='ltr'>verecundo:</span> 
     </span>
     <span class='ocr_line' id='line_1_28' title="bbox 201 2232 1897 2284; baseline 0.001 -8"><span class='ocrx_word' id='word_1_178' title='bbox 201 2233 367 2284; x_wconf 80' lang='lat' dir='ltr'>fronte,</span> <span class='ocrx_word' id='word_1_179' title='bbox 399 2233 662 2278; x_wconf 85' lang='lat' dir='ltr'>verecundo</span> <span class='ocrx_word' id='word_1_180' title='bbox 695 2248 723 2283; x_wconf 88' lang='grc' dir='ltr'><strong><em>ς</em></strong></span> <span class='ocrx_word' id='word_1_181' title='bbox 812 2242 859 2277; x_wconf 81' lang='lat'>15</span> <span class='ocrx_word' id='word_1_182' title='bbox 893 2233 1124 2277; x_wconf 87' lang='lat' dir='ltr'>advertite</span> <span class='ocrx_word' id='word_1_183' title='bbox 1156 2248 1204 2282; x_wconf 79' lang='grc' dir='ltr'>ς;</span> <span class='ocrx_word' id='word_1_184' title='bbox 1239 2232 1435 2277; x_wconf 85' lang='lat' dir='ltr'>avertite</span> <span class='ocrx_word' id='word_1_185' title='bbox 1524 2241 1572 2276; x_wconf 75' lang='lat' dir='ltr'>1ss</span> <span class='ocrx_word' id='word_1_186' title='bbox 1594 2233 1812 2278; x_wconf 88' lang='lat' dir='ltr'>redimite</span> <span class='ocrx_word' id='word_1_187' title='bbox 1835 2248 1897 2277; x_wconf 89' lang='lat' dir='ltr'>m:</span> 
     </span>
     <span class='ocr_line' id='line_1_29' title="bbox 200 2292 1839 2352; baseline 0 -16"><span class='ocrx_word' id='word_1_188' title='bbox 200 2293 426 2338; x_wconf 88' lang='lat' dir='ltr'>redeunte</span> <span class='ocrx_word' id='word_1_189' title='bbox 516 2302 560 2336; x_wconf 70' lang='lat'>17</span> <span class='ocrx_word' id='word_1_190' title='bbox 594 2293 678 2336; x_wconf 92' lang='lat' dir='ltr'>nih</span> <span class='ocrx_word' id='word_1_191' title='bbox 708 2294 864 2337; x_wconf 85' lang='lat' dir='ltr'>tectae</span> <span class='ocrx_word' id='word_1_192' title='bbox 897 2293 996 2351; x_wconf 82' lang='lat' dir='ltr'>(del.</span> <span class='ocrx_word' id='word_1_193' title='bbox 1022 2293 1107 2349; x_wconf 65' lang='grc' dir='ltr'>ΠΙ)</span> <span class='ocrx_word' id='word_1_194' title='bbox 1138 2292 1259 2336; x_wconf 87' lang='lat' dir='ltr'>nihil</span> <span class='ocrx_word' id='word_1_195' title='bbox 1292 2295 1363 2352; x_wconf 79' lang='lat' dir='ltr'>(ex</span> <span class='ocrx_word' id='word_1_196' title='bbox 1393 2292 1542 2336; x_wconf 89' lang='lat' dir='ltr'>nichil</span> <span class='ocrx_word' id='word_1_197' title='bbox 1572 2292 1655 2349; x_wconf 71' lang='lat'>111¹)</span> <span class='ocrx_word' id='word_1_198' title='bbox 1686 2294 1839 2337; x_wconf 84' lang='lat' dir='ltr'>tectae</span> 
     </span>
     <span class='ocr_line' id='line_1_30' title="bbox 200 2351 1900 2409; baseline 0 -13"><span class='ocrx_word' id='word_1_199' title='bbox 200 2361 246 2396; x_wconf 73' lang='lat'>21</span> <span class='ocrx_word' id='word_1_200' title='bbox 279 2352 504 2397; x_wconf 82' lang='lat' dir='ltr'>Salmacis</span> <span class='ocrx_word' id='word_1_201' title='bbox 535 2368 598 2398; x_wconf 89' lang='lat' dir='ltr'>m:</span> <span class='ocrx_word' id='word_1_202' title='bbox 632 2352 711 2396; x_wconf 85' lang='lat' dir='ltr'>Sal</span> <span class='ocrx_word' id='word_1_203' title='bbox 742 2366 820 2396; x_wconf 89' lang='lat' dir='ltr'>ma</span> <span class='ocrx_word' id='word_1_204' title='bbox 858 2352 895 2396; x_wconf 79' lang='lat' dir='ltr'>‘s</span> <span class='ocrx_word' id='word_1_205' title='bbox 927 2354 1002 2409; x_wconf 81' lang='lat' dir='ltr'>(ef.</span> <span class='ocrx_word' id='word_1_206' title='bbox 1028 2353 1064 2396; x_wconf 90' lang='lat' dir='ltr'><strong><em>I</em></strong></span> <span class='ocrx_word' id='word_1_207' title='bbox 1079 2356 1122 2407; x_wconf 80' lang='lat'>4,</span> <span class='ocrx_word' id='word_1_208' title='bbox 1147 2354 1223 2408; x_wconf 92' lang='grc'>90)</span> <span class='ocrx_word' id='word_1_209' title='bbox 1341 2351 1623 2397; x_wconf 82' lang='lat' dir='ltr'>Cebrenidos</span> <span class='ocrx_word' id='word_1_210' title='bbox 1657 2367 1705 2402; x_wconf 74' lang='grc' dir='ltr'>ςε</span> <span class='ocrx_word' id='word_1_211' title='bbox 1738 2351 1900 2397; x_wconf 92' lang='lat' dir='ltr'>crebre</span> 
     </span>
     <span class='ocr_line' id='line_1_31' title="bbox 202 2368 1895 2469; baseline 0 -13"><span class='ocrx_word' id='word_1_212' title='bbox 202 2411 363 2456; x_wconf 89' lang='lat' dir='ltr'>cuidos</span> <span class='ocrx_word' id='word_1_213' title='bbox 455 2421 504 2456; x_wconf 71' lang='lat'>2⁹</span> <span class='ocrx_word' id='word_1_214' title='bbox 528 2412 659 2456; x_wconf 90' lang='lat' dir='ltr'>molli</span> <span class='ocrx_word' id='word_1_215' title='bbox 684 2427 732 2462; x_wconf 70' lang='grc' dir='ltr'>ςε</span> <span class='ocrx_word' id='word_1_216' title='bbox 757 2368 877 2456; x_wconf 62' lang='lat' dir='ltr'>unffi</span> <span class='ocrx_word' id='word_1_217' title='bbox 901 2427 966 2457; x_wconf 88' lang='lat' dir='ltr'>an</span> <span class='ocrx_word' id='word_1_218' title='bbox 987 2411 1120 2456; x_wconf 92' lang='lat' dir='ltr'>molli</span> <span class='ocrx_word' id='word_1_219' title='bbox 1144 2413 1337 2457; x_wconf 79' lang='lat' dir='ltr'>voluerit</span> <span class='ocrx_word' id='word_1_220' title='bbox 1360 2412 1596 2466; x_wconf 79' lang='lat' dir='ltr'>librarius,</span> <span class='ocrx_word' id='word_1_221' title='bbox 1619 2426 1713 2456; x_wconf 90' lang='lat' dir='ltr'>non</span> <span class='ocrx_word' id='word_1_222' title='bbox 1739 2412 1895 2469; x_wconf 77' lang='lat' dir='ltr'>liquet:</span> 
     </span>
     <span class='ocr_line' id='line_1_32' title="bbox 200 2471 1896 2529; baseline 0 -12"><span class='ocrx_word' id='word_1_223' title='bbox 200 2477 313 2517; x_wconf 86' lang='lat' dir='ltr'>certe</span> <span class='ocrx_word' id='word_1_224' title='bbox 342 2475 396 2517; x_wconf 84' lang='lat' dir='ltr'>in</span> <span class='ocrx_word' id='word_1_225' title='bbox 425 2473 664 2529; x_wconf 79' lang='lat' dir='ltr'>archetypo</span> <span class='ocrx_word' id='word_1_226' title='bbox 695 2473 863 2517; x_wconf 84' lang='lat' dir='ltr'>codicis</span> <span class='ocrx_word' id='word_1_227' title='bbox 885 2477 930 2515; x_wconf 71' lang='lat' dir='ltr'>M</span> <span class='ocrx_word' id='word_1_228' title='bbox 958 2471 1091 2516; x_wconf 89' lang='lat' dir='ltr'>molli</span> <span class='ocrx_word' id='word_1_229' title='bbox 1120 2471 1215 2526; x_wconf 78' lang='lat' dir='ltr'>fuit</span> <span class='ocrx_word' id='word_1_230' title='bbox 1244 2473 1314 2516; x_wconf 83' lang='lat' dir='ltr'>ita</span> <span class='ocrx_word' id='word_1_231' title='bbox 1344 2476 1397 2516; x_wconf 81' lang='lat' dir='ltr'>ut</span> <span class='ocrx_word' id='word_1_232' title='bbox 1427 2472 1602 2516; x_wconf 74' lang='lat' dir='ltr'>litterae</span> <span class='ocrx_word' id='word_1_233' title='bbox 1634 2485 1660 2515; x_wconf 94' lang='lat' dir='ltr'>o</span> <span class='ocrx_word' id='word_1_234' title='bbox 1691 2476 1732 2516; x_wconf 87' lang='lat' dir='ltr'>et</span> <span class='ocrx_word' id='word_1_235' title='bbox 1761 2471 1779 2514; x_wconf 96' lang='grc'>1</span> <span class='ocrx_word' id='word_1_236' title='bbox 1802 2471 1896 2526; x_wconf 77' lang='lat' dir='ltr'>fere</span> 
     </span>
     <span class='ocr_line' id='line_1_33' title="bbox 200 2531 1840 2577; baseline -0.001 -1"><span class='ocrx_word' id='word_1_237' title='bbox 200 2534 372 2577; x_wconf 83' lang='lat' dir='ltr'>coirent</span> <span class='ocrx_word' id='word_1_238' title='bbox 490 2540 540 2575; x_wconf 79' lang='lat'>80</span> <span class='ocrx_word' id='word_1_239' title='bbox 571 2531 830 2576; x_wconf 85' lang='lat' dir='ltr'>habitascis</span> <span class='ocrx_word' id='word_1_240' title='bbox 950 2540 999 2575; x_wconf 75' lang='lat'>82</span> <span class='ocrx_word' id='word_1_241' title='bbox 1031 2546 1142 2575; x_wconf 86' lang='lat' dir='ltr'>neu:</span> <span class='ocrx_word' id='word_1_242' title='bbox 1175 2544 1233 2574; x_wconf 88' lang='lat' dir='ltr'>ne</span> <span class='ocrx_word' id='word_1_243' title='bbox 1266 2532 1585 2576; x_wconf 80' lang='lat' dir='ltr'>Phillimorius</span> <span class='ocrx_word' id='word_1_244' title='bbox 1614 2531 1840 2576; x_wconf 77' lang='lat' dir='ltr'>inutiliter</span> 
     </span>
     <span class='ocr_line' id='line_1_34' title="bbox 200 2589 1809 2636; baseline -0.001 -2"><span class='ocrx_word' id='word_1_245' title='bbox 200 2600 249 2634; x_wconf 77' lang='lat'>34</span> <span class='ocrx_word' id='word_1_246' title='bbox 281 2590 387 2636; x_wconf 89' lang='lat' dir='ltr'>Non</span> <span class='ocrx_word' id='word_1_247' title='bbox 418 2592 538 2636; x_wconf 86' lang='lat' dir='ltr'>inter</span> <span class='ocrx_word' id='word_1_248' title='bbox 567 2592 852 2636; x_wconf 80' lang='lat' dir='ltr'>scribendum</span> <span class='ocrx_word' id='word_1_249' title='bbox 882 2591 969 2636; x_wconf 70' lang='lat'>1¹:</span> <span class='ocrx_word' id='word_1_250' title='bbox 1001 2590 1115 2634; x_wconf 88' lang='lat' dir='ltr'>Noti</span> <span class='ocrx_word' id='word_1_251' title='bbox 1245 2590 1473 2635; x_wconf 85' lang='lat' dir='ltr'>charistos</span> <span class='ocrx_word' id='word_1_252' title='bbox 1601 2598 1649 2633; x_wconf 78' lang='lat'>85</span> <span class='ocrx_word' id='word_1_253' title='bbox 1681 2589 1809 2634; x_wconf 85' lang='lat' dir='ltr'>oficis</span> 
     </span>
     <span class='ocr_line' id='line_1_35' title="bbox 200 2650 1897 2709; baseline 0 -16"><span class='ocrx_word' id='word_1_254' title='bbox 200 2660 250 2693; x_wconf 75' lang='lat'>3⁶</span> <span class='ocrx_word' id='word_1_255' title='bbox 260 2666 325 2707; x_wconf 91' lang='lat' dir='ltr'>sq.</span> <span class='ocrx_word' id='word_1_256' title='bbox 360 2652 454 2696; x_wconf 85' lang='lat' dir='ltr'>loco</span> <span class='ocrx_word' id='word_1_257' title='bbox 499 2652 762 2709; x_wconf 75' lang='lat' dir='ltr'>yravissime</span> <span class='ocrx_word' id='word_1_258' title='bbox 800 2656 1012 2706; x_wconf 81' lang='lat' dir='ltr'>corrupto</span> <span class='ocrx_word' id='word_1_259' title='bbox 1049 2651 1159 2695; x_wconf 83' lang='lat' dir='ltr'>haec</span> <span class='ocrx_word' id='word_1_260' title='bbox 1196 2656 1316 2695; x_wconf 85' lang='lat' dir='ltr'>certa</span> <span class='ocrx_word' id='word_1_261' title='bbox 1355 2664 1444 2695; x_wconf 84' lang='lat' dir='ltr'>esse</span> <span class='ocrx_word' id='word_1_262' title='bbox 1482 2650 1656 2694; x_wconf 81' lang='lat' dir='ltr'>iudico:</span> <span class='ocrx_word' id='word_1_263' title='bbox 1705 2651 1749 2706; x_wconf 89' lang='lat'>1)</span> <span class='ocrx_word' id='word_1_264' title='bbox 1787 2664 1897 2706; x_wconf 82' lang='lat' dir='ltr'>pur-</span> 
     </span>
     <span class='ocr_line' id='line_1_36' title="bbox 196 2710 1900 2767; baseline 0.001 -13"><span class='ocrx_word' id='word_1_265' title='bbox 196 2725 367 2766; x_wconf 76' lang='lat' dir='ltr'>puram</span> <span class='ocrx_word' id='word_1_266' title='bbox 406 2714 501 2767; x_wconf 83' lang='lat'>(36)</span> <span class='ocrx_word' id='word_1_267' title='bbox 541 2710 635 2755; x_wconf 84' lang='lat' dir='ltr'>dici</span> <span class='ocrx_word' id='word_1_268' title='bbox 670 2725 765 2756; x_wconf 89' lang='lat' dir='ltr'>non</span> <span class='ocrx_word' id='word_1_269' title='bbox 795 2724 928 2767; x_wconf 79' lang='lat' dir='ltr'>posse</span> <span class='ocrx_word' id='word_1_270' title='bbox 959 2710 1013 2755; x_wconf 86' lang='lat' dir='ltr'>de</span> <span class='ocrx_word' id='word_1_271' title='bbox 1044 2724 1265 2754; x_wconf 87' lang='lat' dir='ltr'>marmore</span> <span class='ocrx_word' id='word_1_272' title='bbox 1295 2711 1547 2755; x_wconf 80' lang='lat' dir='ltr'>Numidico</span> <span class='ocrx_word' id='word_1_273' title='bbox 1578 2710 1699 2766; x_wconf 79' lang='lat' dir='ltr'>quod</span> <span class='ocrx_word' id='word_1_274' title='bbox 1728 2710 1900 2765; x_wconf 78' lang='lat' dir='ltr'>flavum</span> 
     </span>
     <span class='ocr_line' id='line_1_37' title="bbox 200 2770 1896 2826; baseline -0.001 -12"><span class='ocrx_word' id='word_1_275' title='bbox 200 2775 265 2814; x_wconf 84' lang='lat' dir='ltr'>est</span> <span class='ocrx_word' id='word_1_276' title='bbox 292 2772 417 2815; x_wconf 83' lang='lat' dir='ltr'>venis</span> <span class='ocrx_word' id='word_1_277' title='bbox 447 2771 602 2815; x_wconf 81' lang='lat' dir='ltr'>rubris</span> <span class='ocrx_word' id='word_1_278' title='bbox 624 2771 1018 2815; x_wconf 72' lang='lat' dir='ltr'>intermicantibus</span> <span class='ocrx_word' id='word_1_279' title='bbox 1048 2772 1095 2826; x_wconf 82' lang='lat'>2)</span> <span class='ocrx_word' id='word_1_280' title='bbox 1120 2784 1159 2814; x_wconf 82' lang='lat' dir='ltr'>v.</span> <span class='ocrx_word' id='word_1_281' title='bbox 1178 2773 1238 2813; x_wconf 90' lang='lat'>39</span> <span class='ocrx_word' id='word_1_282' title='bbox 1260 2782 1356 2813; x_wconf 88' lang='lat' dir='ltr'>non</span> <span class='ocrx_word' id='word_1_283' title='bbox 1378 2770 1434 2814; x_wconf 82' lang='lat' dir='ltr'>de</span> <span class='ocrx_word' id='word_1_284' title='bbox 1456 2783 1676 2814; x_wconf 85' lang='lat' dir='ltr'>marmore</span> <span class='ocrx_word' id='word_1_285' title='bbox 1700 2770 1896 2825; x_wconf 80' lang='lat' dir='ltr'>quodam</span> 
     </span>
     <span class='ocr_line' id='line_1_38' title="bbox 210 2829 1899 2887; baseline 0.001 -15"><span class='ocrx_word' id='word_1_286' title='bbox 210 2829 344 2887; x_wconf 77' lang='lat' dir='ltr'>Tyrio</span> <span class='ocrx_word' id='word_1_287' title='bbox 371 2830 649 2886; x_wconf 79' lang='lat' dir='ltr'>Sidonioque</span> <span class='ocrx_word' id='word_1_288' title='bbox 679 2829 1012 2886; x_wconf 79' lang='lat' dir='ltr'>accipiendum,</span> <span class='ocrx_word' id='word_1_289' title='bbox 1044 2830 1176 2874; x_wconf 80' lang='lat' dir='ltr'>euius</span> <span class='ocrx_word' id='word_1_290' title='bbox 1206 2830 1373 2873; x_wconf 86' lang='lat' dir='ltr'>mentio</span> <span class='ocrx_word' id='word_1_291' title='bbox 1403 2829 1536 2873; x_wconf 82' lang='lat' dir='ltr'>nulla</span> <span class='ocrx_word' id='word_1_292' title='bbox 1567 2829 1627 2883; x_wconf 75' lang='lat' dir='ltr'>fit·</span> <span class='ocrx_word' id='word_1_293' title='bbox 1651 2831 1777 2885; x_wconf 83' lang='lat' dir='ltr'>(nam</span> <span class='ocrx_word' id='word_1_294' title='bbox 1801 2830 1833 2872; x_wconf 92' lang='grc' dir='ltr'><em>Ι</em></span> <span class='ocrx_word' id='word_1_295' title='bbox 1852 2832 1899 2883; x_wconf 80' lang='grc'>2,</span> 
     </span>
     <span class='ocr_line' id='line_1_39' title="bbox 203 2888 1898 2946; baseline 0 -14"><span class='ocrx_word' id='word_1_296' title='bbox 203 2893 291 2933; x_wconf 81' lang='grc'>148</span> <span class='ocrx_word' id='word_1_297' title='bbox 316 2903 409 2933; x_wconf 87' lang='lat' dir='ltr'>non</span> <span class='ocrx_word' id='word_1_298' title='bbox 433 2890 495 2933; x_wconf 82' lang='lat' dir='ltr'>ad</span> <span class='ocrx_word' id='word_1_299' title='bbox 518 2889 694 2945; x_wconf 77' lang='lat' dir='ltr'>lapides</span> <span class='ocrx_word' id='word_1_300' title='bbox 718 2889 825 2934; x_wconf 83' lang='lat' dir='ltr'>inde</span> <span class='ocrx_word' id='word_1_301' title='bbox 847 2891 1008 2945; x_wconf 81' lang='lat' dir='ltr'>petitos</span> <span class='ocrx_word' id='word_1_302' title='bbox 1023 2891 1253 2945; x_wconf 76' lang='lat' dir='ltr'>pertinere</span> <span class='ocrx_word' id='word_1_303' title='bbox 1278 2890 1483 2946; x_wconf 63' lang='lat' dir='ltr'>cognovit</span> <span class='ocrx_word' id='word_1_304' title='bbox 1499 2888 1757 2933; x_wconf 74' lang='lat' dir='ltr'>Karstenus</span> <span class='ocrx_word' id='word_1_305' title='bbox 1776 2891 1898 2932; x_wconf 82' lang='lat'><em>1899</em></span> 
     </span>
    </p>
   </div>
  </div>
 </body>
</html>
