2034 3126
687 113 1003 158 SILVARUM
1032 113 1083 159 L.
1108 113 1164 170 V,
1191 118 1217 157 3
1695 113 1801 166 155

96 269 274 318 verus,
313 251 411 302 alit
448 252 616 303 victos
654 253 903 303 immanis
942 252 1118 321 gloria
1153 251 1291 303 falsi.

101 328 261 393 atque
297 324 376 377 ibi
414 324 542 376 dum
578 325 783 394 profers
824 343 992 378 annos
1031 328 1303 394 vitamque
1342 326 1563 393 salutas,

96 402 344 468 protinus
385 398 452 450 ad
488 401 651 468 patrii
689 403 888 468 raperis
930 403 1218 452 certamina
1254 400 1412 451 lustri

97 476 188 525 vix
226 472 497 560 implenda
533 476 685 540 viris,
724 473 942 526 laudum
981 474 1206 527 festinus
1248 476 1300 526 et
1339 473 1508 526 audax
1718 486 1801 526 135

97 550 318 616 ingenii.
380 550 588 616 stupuit
624 551 894 616 primaeva
932 548 997 600 ad
1037 551 1270 601 carmina
1307 548 1487 617 plebes

94 620 315 674 Euboea
354 624 406 674 et
441 624 583 674 natis
622 624 676 674 te
712 626 1071 675 monstravere
1110 625 1370 692 parentes

94 695 219 748 inde
256 696 503 764 frequens
541 714 755 765 pugnae
791 698 1050 766 nulloque
1086 698 1321 766 ingloria
1359 714 1506 749 sacro

96 788 199 823 vox
238 773 352 823 tua:
390 788 502 823 non
539 773 736 823 totiens
775 774 1031 824 victorem
1069 769 1291 824 Castora
1328 788 1463 840 gyro

95 862 193 897 nec
231 845 451 898 fratrem
489 847 667 897 caestu
705 845 900 898 virides
939 847 1182 915 plausere
1220 845 1543 914 Therapnae.
1716 857 1802 897 140

100 922 184 971 sin
222 937 452 988 pronum
482 922 672 972 vicisse
711 919 877 973 domi:
940 920 1068 989 quid
1107 918 1320 972 Achaea
1355 923 1545 972 mereri

93 997 349 1062 praemia,
387 1012 531 1046 nunc
569 997 730 1046 ramis
769 993 994 1063 Phoebi,
1033 1012 1177 1047 nunc
1215 997 1455 1063 gramine
1495 993 1717 1060 Lernae,

93 1085 239 1120 nunc
276 1066 635 1121 Athamantea
671 1071 971 1138 protectum
1009 1071 1251 1138 tempora
1287 1071 1442 1138 pinu,

93 1159 216 1194 cum
254 1145 451 1195 totiens
490 1144 688 1195 lassata
725 1146 903 1196 tamen
940 1161 1206 1212 nusquam
1244 1146 1363 1195 avia
1400 1142 1612 1195 frondes

94 1216 319 1269 abstulit
356 1220 449 1269 aut
486 1218 652 1270 alium
690 1221 871 1287 tetigit
907 1217 1148 1271 Victoria
1186 1218 1420 1270 crinem?
1715 1228 1800 1268 145

93 1290 221 1344 111110
258 1291 359 1344 tibi
396 1295 523 1344 vota
559 1295 773 1361 patrum
813 1292 952 1344 credi
991 1310 1353 1362 generosaque
1391 1290 1557 1361 pubes

92 1369 148 1418 te
186 1369 451 1419 monitore
488 1370 625 1436 regi,
663 1385 835 1419 mores
877 1370 929 1420 et
966 1367 1107 1419 facta
1143 1369 1383 1436 priorum

94 1439 316 1508 discere,
355 1444 475 1510 quis
515 1459 665 1494 casus
705 1441 916 1510 Troiae,
956 1459 1117 1510 quam
1153 1441 1336 1493 tardus
1375 1438 1584 1507 Ulixe3‚

93 1518 328 1584 quantus
368 1533 531 1584 equos
570 1534 885 1585 pugnasque
923 1519 1098 1568 virum
1137 1515 1408 1568 decurrere
1446 1532 1602 1566 versu

97 1588 402 1642 Maeonides
441 1594 806 1659 quantumque
843 1594 962 1660 pios
1003 1590 1185 1642 ditarit
1224 1592 1456 1659 agrestes
1715 1600 1801 1640 150

102 1662 364 1717 Α80180118
405 1663 720 1734 Siculusque
761 1683 940 1733 senex,
981 1683 1087 1734 qua
1125 1666 1242 1734 lege
1282 1666 1517 1717 recurrat

101 1737 413 1792 Pindaricae
451 1758 555 1792 vox
592 1738 729 1792 flexa
766 1740 912 1808 lyrae
950 1740 1331 1807 volucrumque
1370 1740 1615 1807 precator

100 1812 295 1882 Ichus
335 1817 388 1866 et
425 1817 626 1867 tetricis
666 1812 895 1867 Alcman
934 1817 1178 1867 cantatus
1219 1811 1459 1882 Amyclis

102 1885 543 1958 Stesichorusque
580 1889 729 1942 ferox
770 1890 1042 1958 saltusque
1081 1892 1326 1958 ingressa
1363 1887 1541 1939 viriles

219 2117 292 2152 188
322 2122 456 2153 verus
488 2109 736 2155 Schottius:
773 2108 947 2153 Versus
1099 2107 1267 2152 victos:
1301 2106 1450 2150 victas
1483 2105 1722 2151 Bentleius

99 2175 175 2212 188
203 2167 274 2213 ibi
307 2168 472 2218 ςε11111
585 2176 657 2212 185
689 2167 889 2213 festinus
921 2170 969 2212 et
1001 2167 1157 2212 audax
1189 2167 1403 2234 Lipsius:
1436 2164 1612 2210 festina
1643 2163 1726 2209 sed
1757 2165 1811 2208 ut

101 2227 197 2272 dux
328 2236 398 2271 187
433 2227 644 2273 Euboea:
677 2227 853 2272 Eubois
887 2228 1132 2273 Heinsius.
1165 2224 1378 2271 Euboica
1408 2226 1463 2269 ci.
1491 2224 1812 2269 Phillimorius

98 2286 207 2344 sort.
222 2292 337 2333 reete
427 2295 501 2331 uo
523 2286 740 2345 plausere
765 2302 809 2332 c:
843 2285 1077 2332 clausero:
1111 2298 1297 2331 sensere
1322 2285 1587 2330 Krohm'us·
1611 2283 1810 2328 hausere

100 2347 214 2405 (sea.
238 2348 399 2403 oculus)
431 2347 633 2405 Saenqer
758 2356 827 2391 141
861 2346 963 2391 Sin.
997 2346 1060 2391 sit
1091 2361 1114 2390 ο
1234 2358 1392 2391 sensus
1420 2344 1495 2390 hic
1524 2349 1608 2389 est:
1641 2343 1814 2389 dixerIt

98 2406 331 2464 quispiam
353 2407 494 2462 sacae
516 2421 606 2453 esse
629 2408 680 2452 in
690 2408 854 2465 patria
869 2407 1058 2452 vincere.
1084 2410 1135 2452 at
1149 2405 1371 2452 continua
1384 2405 1499 2450 serie
1513 2403 1581 2449 ibi
1595 2404 1811 2449 vidorias

98 2471 334 2585 Zffl‘
363 2467 475 2571 {2⁸
506 2471 771 2572 &mmmmm
770 2466 917 2571 :w
951 2463 1810 2592 ‘Je'fflwss'ffjtfflffsspsszfflss

101 2586 388 2645 Auyusttaia
420 2586 643 2631 dabuntur
672 2585 923 2641 Ισολύμπια
1074 2593 1144 2629 144
1178 2583 1313 2629 Cum:
1347 2582 1461 2652 quin
1495 2581 1719 2628 Heinsius

97 2652 200 2751 usu
272 2658 356 2689 1108
397 2660 446 2695 ς.
487 2658 635 2702 equus
674 2646 814 2703 (quod
851 2646 1016 2691 retinet
1055 2644 1317 2701 Krolmius,
1356 2643 1438 2701 qui
1474 2655 1515 2687 υ.
1541 2645 1633 2687 150
1669 2641 1811 2687 scribi

352 2705 561 2760 onidae):
610 2718 781 2762 equum
830 2706 964 2763 (qen)
1013 2705 1280 2764 Postgatius
1326 2704 1447 2748 1905
1485 2715 1535 2759 p
1571 2703 1659 2747 135

100 2771 176 2808 158
164 2704 293 2822 “be
295 2778 376 2809 0118
409 2708 696 2810 Poligihmus:
729 2763 927 2809 Obsicus
1068 2771 1139 2807 154
1172 2761 1415 2819 saltusque
1446 2760 1658 2819 ingressa
1689 2762 1811 2818 (apte

100 2779 304 2883 Saonqer
332 2826 508 2879 confert
547 2824 681 2870 Theb.
708 2823 822 2869 XII
839 2825 940 2880 20):
973 2822 1216 2880 fastusque
1248 2824 1524 2879 (cantusque
1553 2820 1654 2865 Otto
1687 2822 1810 2865 1887

102 2894 148 2988 z.
180 2885 288 2940 646)
327 2883 540 2942 ingressa
579 2884 756 2930 Polster
794 2886 914 2929 1884
947 2886 1111 2940 1213·
1152 2886 1378 2939 actusque
1418 2892 1606 2968 egressa
1647 2879 1808 2925 Mark-
