2034 3126
779 110 1126 156 PRAEFATIO
1685 106 1809 156 XCV

103 250 165 294 M.
191 247 500 294 Rothstein
531 245 812 292 Festschrift
840 245 916 289 fiir
946 244 1132 290 Vahlen
1166 248 1281 288 1900
1312 259 1360 301 p.
1383 247 1635 288 497—522.

103 310 177 353 W.
203 308 460 366 Rudiger
508 307 683 365 Quibus
723 320 828 351 eum
863 306 979 351 viris
1015 304 1160 360 fuerit
1195 304 1346 350 Statio
1383 317 1496 350 usus
1534 306 1811 351 consuetudo

162 369 479 425 familiaritas.
526 367 638 411 diss.
662 364 907 423 Marpurgi
940 368 1069 408 1888.

104 427 508 486 'Ruitgersius

105 489 160 534 G.
186 485 463 545 Saengeri
493 484 641 530 editio
672 483 853 542 prodiit
881 482 1126 541 Petropoli
1158 485 1288 527 1909.

105 548 159 594 G.
185 548 435 605 Saenger
469 543 664 590 Journal
704 544 787 588 des
820 543 940 588 kais.
964 557 1082 587 russ.
1107 541 1285 586 Minist.
1310 541 1344 586 f.
1369 540 1810 600 Volksaufklarung

165 612 281 652 1910
311 621 357 664 p.
384 608 619 650 848—350
652 606 702 648 et
730 619 777 661 p.
802 602 1098 662 568—563.¹)

101 674 160 720 H.
186 673 412 719 Saftien
443 686 530 717 sua
558 670 798 716 Vollmero
828 669 1043 714 tradidit.

105 733 152 780 C.
177 734 229 778 E.
256 732 625 778 Sandstroem
664 731 837 777 Studia
865 731 1032 775 critica
1059 730 1114 773 in
1145 729 1406 787 Papinium
1435 728 1650 774 Statium.
1699 728 1811 773 diss,

162 793 385 851 Upsaliae
419 795 548 837 1878.

104 861 157 905 Ε.
183 859 422 905 Schafer
455 858 799 904 Observationes
827 857 1014 902 criticae
1043 858 1097 902 in
1130 855 1201 901 M.
1221 856 1411 901 Annaei
1441 856 1632 901 Lucani
1661 856 1812 902 Phar-

161 922 332 967 saliam
361 923 404 964 et
434 919 490 964 P.
515 917 718 974 Papinii
746 917 889 962 Statii
918 916 1082 962 Silvas.
1132 915 1243 960 diss.
1269 914 1545 960 Monasterii
1579 919 1707 960 1886.

103 987 166 1032 M.
200 985 612 1043 Schamberger
656 985 732 1029 De
769 985 825 1029 P.
858 984 1067 1041 Papinio
1104 982 1255 1029 Statio
1301 982 1536 1029 verborum
1581 987 1810 1028 novatore.

164 1047 275 1092 dise.
300 1045 451 1090 Halae
484 1049 598 1089 190'1
633 1046 707 1100 (=
731 1042 855 1087 Diss.
878 1041 984 1087 Hal.
1011 1041 1142 1087 XVII
1165 1044 1223 1098 3).

104 1114 151 1160 C.
179 1111 426 1158 Schenkl
455 1110 650 1156 Wiener
681 1109 878 1154 Studien
911 1115 966 1154 16
999 1111 1152 1167 (1895)
1182 1124 1228 1167 p.
1256 1112 1357 1154 337.

105 1172 475 1277 &RSKlgill’il-ing
513 1171 914 1217 Lucubrationum
948 1170 1271 1216 Statiomarum
1307 1183 1422 1226 pars
1456 1170 1601 1226 prior.
1649 1168 1810 1227 Progr.

212 1234 222 1242 ⁰
293 1246 319 1277 ο
396 1236 526 1276 1905.

106 1295 127 1318 ,
350 1291 361 1301 .

102 1292 168 1398 H?
178 1293 499 1397 cS²›hcoht1¹·;;¹d.‘‹³³ri
538 1349 838 1395 coniecturae
876 1348 1035 1394 editae
1075 1350 1185 1393 sunt
1224 1346 1284 1392 ab
1321 1347 1532 1405 Hauptio
1571 1361 1666 1392 una
1705 1361 1811 1392 cum

162 1411 456 1457 Bentleianis
487 1426 530 1468 q.
555 1426 596 1455 v,

103 1480 156 1525 E.
182 1479 471 1524 Schwartz
505 1479 807 1525 Coniectanea
836 1490 992 1534 progr.
1016 1475 1261 1521 Rostoehii
1294 1479 1423 1520 1889.

101 1537 454 1585 ‘Scriverius

104 1600 155 1645 F.
174 1599 203 1644 S
214 1599 346 1643 kuts
357 1597 421 1643 ch
449 1597 610 1643 sahi-b.
623 1596 655 1641 f.
668 1595 838 1641 Philol.
854 1601 938 1641 147
959 1597 1112 1654 (1893)
1128 1610 1173 1653 p.
1184 1599 1421 1640 469—484
1437 1596 1486 1640 et
1500 1610 1545 1652 p.
1557 1599 1808 1640 825-843.

101 1659 159 1704 D.
184 1660 238 1704 A.
265 1658 457 1703 Slater
487 1657 712 1703 Classical
742 1656 931 1701 Review
964 1660 1019 1700 18
1053 1656 1204 1713 (1904)
1236 1670 1283 1712 p.
1308 1659 1408 1700 302.

104 1746 160 1753 —
192 1717 391 1764 Journal
421 1717 474 1762 of
500 1716 752 1774 Philology
783 1721 840 1761 30
873 1718 1025 1773 (1907)
1056 1730 1102 1773 Ρ.
1130 1719 1379 1760 183-160.

104 1805 160 1813 -
196 1777 422 1824 Classical
452 1777 640 1823 Beview
671 1781 727 1821 23
761 1778 912 1834 (1909)
943 1790 989 1834 p.
1018 1780 1102 1820 190
1137 1777 1185 1820 et
1215 1790 1261 1832 p.
1288 1778 1540 1820 248—249.

103 1841 351 1897 praeterea
380 1837 590 1883 eiusdem
622 1836 919 1882 coniecturae
951 1836 1078 1894 apud
1102 1834 1449 1880 Phillimorium
1479 1833 1749 1879 laudantur.

103 1905 156 1951 E.
181 1903 396 1960 Staaff‚
427 1904 603 1950 Eranos
636 1903 875 1949 Suecanus
907 1907 932 1948 8
967 1905 1119 1960 (1898)
1153 1917 1199 1960 p.
1226 1905 1476 1947 106—114.

104 1965 156 2011 O.
183 1965 320 2010 Stan
331 1978 397 2022 ge
436 1965 491 2010 P.
518 1964 716 2022 Papinii
753 1963 896 2009 Statii
932 1964 1191 2008 carminum
1229 1976 1345 2020 quae
1384 1962 1446 2008 ad
1481 1962 1808 2007 Domitianum

103 2030 311 2137 ⁸Sstpeotae
278 2025 745 2136 hogeg-interpretatio.
792 2037 950 2081 progr.
975 2022 1184 2068 Dresden
1219 2026 1348 2067 1887.

103 2152 223 2199 Ι).Α.
273 2151 459 2196 ιιιιᾶόιι
482 2150 610 2196 Silva
634 2151 860 2208 quaedam
880 2150 1148 2208 Pap.Statii
1173 2150 1286 2205 (III
1295 2153 1346 2207 2)
1372 2150 1576 2195 versibus
1596 2150 1810 2195 suethiois

162 2226 375 2270 expressa
405 2225 509 2256 cum
531 2212 766 2268 prooemio
797 2216 838 2257 et
868 2210 1257 2256 adnotationibus.
1307 2209 1418 2253 diss.
1436 2208 1653 2255 Holmiae
1679 2212 1809 2254 1860.

103 2278 487 2323 ‘Thomsonus

104 2337 363 2383 'Tollius

105 2398 431 2443 ‘Turnebus

102 2458 158 2503 R.
183 2458 372 2516 Unger
404 2455 676 2516 Philologus
707 2462 735 2502 4
767 2458 920 2514 (1849)
951 2471 997 2514 Ρ.
1025 2460 1274 2502 727-780.

105 2544 159 2551 -
193 2517 538 2564 Subnecivorum
553 2518 708 2576 capita
724 2518 831 2564 tria.
862 2530 1018 2576 progr.
1028 2515 1470 2575 Neubrandenburg
1488 2521 1603 2562 1854
1620 2520 1808 2574 p.8—9.

182 2641 223 2693 1)
255 2636 521 2695 nuperrime
553 2635 785 2694 quaedam
809 2635 1010 2694 protulit
1032 2635 1146 2680 ibid.
1184 2641 1295 2681 1911
1330 2651 1376 2694 p.
1398 2640 1646 2681 186—189.
1680 2635 1807 2680 idem

103 2710 189 2802 fler
237 2696 422 2741 litteras
469 2696 803 2754 benignissime
849 2709 1031 2741 mecum
1079 2696 1444 2741 communicavit
1490 2696 1808 2740 coniecturam

147 2757 320 2803 orschii
353 2769 578 2812 suamque
602 2756 661 2802 de
687 2755 748 2800 IV
767 2760 809 2812 8,
827 2760 866 2800 6.
901 2755 1103 2801 coniecit
1126 2756 1252 2800 enim
1276 2755 1357 2801 ille
1381 2770 1466 2813 pro
1491 2761 1660 2802 secreta
1683 2754 1809 2812 quod

106 2817 154 2861 in
179 2820 223 2860 1
256 2819 426 2869 exstat,
448 2818 516 2862 sic
539 2822 691 2872 aucta,
723 2816 929 2875 Saenger
950 2817 1018 2862 sic
1040 2816 1176 2872 fulta.
1210 2818 1371 2861 tamen
1396 2816 1615 2872 equidem
1640 2820 1809 2861 secreta

103 2876 174 2921 ita
204 2875 444 2934 intellego.
477 2879 530 2921 ut
553 2878 728 2934 augeat
749 2889 837 2921 vox
862 2874 1148 2933 particulam
1172 2877 1339 2922 solum:
1373 2889 1431 2920 ne
1458 2874 1558 2919 sola
1581 2874 1808 2932 Neapolis

104 2938 285 2981 secreta
316 2950 344 2980 a
377 2935 541 2981 vicinis
573 2935 762 2994 oppidis
794 2935 918 2980 diem
943 2933 1159 2980 festivum
1194 2937 1320 2995 agat.
