2034 3126
445 99 791 146 PRAEFATIO
823 98 1130 144 EDITIONIS
1159 99 1459 146 ALTERIUS
1595 100 1804 146 LXXXV
1820 98 1822 100 ’

95 246 320 295 litteram
359 245 393 293 d
429 244 564 292 inter
600 244 620 290 i
659 245 709 291 et
747 257 793 290 a.
856 241 943 290 sed
981 256 1100 291 cave
1140 258 1252 290 eum
1289 243 1560 291 hecateidas
1590 243 1643 291 in
1673 243 1801 292 libro

93 321 344 368 invenisse
384 317 710 367 contenderis.
757 332 875 365 nam
904 310 956 365 M
992 317 1261 366 echateidas
1293 317 1503 366 exhibet.
1548 320 1720 381 itaque
1745 334 1804 367 ex

96 395 265 444 codice
296 394 432 442 vocis
462 393 704 441 hecateias
734 391 1139 440 terminationem
1170 393 1370 440 tantum
1401 393 1707 457 emendavit,
1743 393 1803 443 de

94 470 292 532 reliqua
320 483 441 517 voce
473 481 692 530 securus,
722 469 780 514 ut
809 466 902 514 illa
934 469 1100 515 aetate
1124 467 1287 516 facere
1311 467 1555 517 solebant.
1597 469 1692 516 hoc
1718 467 1802 517 ob-

96 559 349 593 servamus
397 543 450 590 in
494 557 548 589 re
594 541 952 602 minutissima,
1005 542 1091 591 sed
1138 542 1345 591 eandem
1390 544 1443 591 in
1490 542 1804 606 gravioribus

94 618 405 667 Polita'anum
436 616 696 665 admisisse
726 615 972 664 rationem
1005 617 1284 680 apparebit.

169 695 428 755 praeterea
460 691 718 754 quaeritur
746 693 921 739 utrum
943 690 1044 754 ille,
1077 708 1207 754 quae
1233 694 1309 740 031
1331 692 1669 756 Engelmanni
1694 707 1801 740 sen-

94 769 268 829 tentia,
286 782 452 815 omnes
469 769 613 814 notas
631 766 803 814 eodem
821 767 1045 828 tempore
1062 766 1289 828 adpictas
1304 782 1361 814 ex
1371 767 1536 815 codice
1547 766 1804 830 Poggiano

95 842 335 904 petiverit
372 857 437 889 an
477 840 677 889 aliunde
719 839 963 902 quaedam
1002 841 1135 890 notis
1177 841 1500 890 admiscuerit
1531 843 1619 890 aut
1652 840 1804 889 etiam

97 919 408 965 correcturas
432 915 682 964 addiderit
704 916 811 963 sine
828 917 949 963 nota
966 915 1189 980 originis,
1237 918 1388 978 atque
1403 917 1804 980 Engelmannum

96 1006 285 1039 errasse
316 991 638 1040 manifestum
670 992 758 1039 est.
807 988 964 1053 quid?
1008 991 1116 1054 ipse
1140 1006 1304 1039 nonne
1328 991 1556 1040 concedit
1581 983 1650 1058 (p.
1673 983 1804 1056 134)

95 1065 158 1113 ad
191 1066 238 1112 V
259 1069 306 1127 1,
326 1067 394 1114 64
426 1065 639 1114 1)οωὶ111
677 1064 1071 1114 emendationem
1104 1068 1157 1113 in
1189 1068 1404 1115 moribus
1433 1067 1632 1115 notasse
1663 1065 1803 1113 nullo

95 1141 239 1204 signo
272 1139 479 1189 addito?
541 1156 659 1187 nam
691 1141 741 1188 et
771 1140 823 1187 in
857 1149 890 1188 a
921 1142 971 1189 et
1001 1141 1054 1188 in
1084 1135 1135 1190 M
1165 1140 1386 1189 traditur
1415 1140 1685 1190 maioribus
1718 1157 1802 1188 an·

95 1214 239 1277 tiquo
271 1231 448 1264 errore.
494 1231 650 1263 unum
681 1214 862 1263 saltem
888 1231 1217 1264 commemoro
1243 1217 1524 1279 exemplum
1548 1231 1606 1264 ex
1630 1214 1804 1263 eadem

97 1287 238 1338 Silva
268 1292 520 1354 sumptum
552 1290 597 1336 V
626 1292 671 1350 1,
703 1291 832 1351 181,
867 1289 954 1338 ubi
986 1293 1152 1340 mostis
1182 1291 1360 1340 leviter
1391 1292 1680 1353 corruptum
1711 1305 1803 1352 pro

94 1367 265 1413 mortis
310 1365 362 1413 in
407 1359 458 1414 M
504 1366 688 1424 exstat,
738 1363 990 1413 Domitius
1037 1366 1219 1415 misera
1266 1366 1552 1415 coniectura
1596 1368 1805 1414 maestos

96 1438 267 1488 edidit.
330 1439 462 1488 idem
493 1439 773 1488 Politianus
813 1438 1081 1502 adscripsit
1118 1442 1224 1491 sine
1264 1444 1398 1490 nota.
1464 1457 1521 1490 ac
1552 1456 1614 1488 ne
1644 1439 1803 1502 ipsius

97 1514 297 1576 quidem
345 1516 656 1564 coniecturae
700 1513 900 1564 desunt:
940 1515 992 1563 H
1020 1519 1048 1564 7
1081 1517 1160 1564 111.
1201 1518 1267 1567 ad
1305 1516 1498 1566 Pollam
1535 1515 1804 1576 adscripsit

95 1589 237 1638 nisus
277 1590 511 1638 nimirum
551 1589 862 1653 praefatione
902 1591 1008 1640 eius
1047 1590 1176 1640 libri.
1243 1607 1342 1656 quo
1380 1591 1490 1641 1000
1523 1591 1802 1651 antiquitus

95 1663 224 1712 falso
266 1665 506 1713 traditum
548 1665 701 1715 fuisse
733 1666 800 1714 ad
834 1665 1042 1726 Oppiam
1075 1682 1314 1716 consensu
1345 1667 1570 1716 codicum
1598 1659 1650 1714 M
1683 1666 1732 1712 et
1764 1658 1803 1712 L

0 1772 1 1780 1
96 1738 480 1788 demonstratur.
543 1756 641 1802 quo
695 1741 750 1788 in
796 1757 959 1790 errore
1007 1742 1310 1805 expediendo
1356 1743 1545 1791 frustra
1592 1738 1805 1788 desudat

95 1813 474 1878 Engelmannus
491 1816 516 1862 1
526 1815 631 1866 902
649 1831 696 1878 p.
712 1816 797 1876 93,
813 1831 902 1864 1100
914 1817 1074 1881 magis
1086 1832 1321 1881 prospere
1329 1815 1711 1866 Wachsmuthio
1724 1828 1803 1862 res

97 1889 246 1937 cessit
276 1905 324 1951 p.
345 1890 467 1938 209.
514 1892 774 1974 praeterea
804 1890 939 1939 haud
971 1907 1084 1940 raro
1116 1891 1398 1941 Politianus
1428 1893 1483 1939 in
1514 1887 1803 1954 corrigendo

97 1962 310 2012 editioni
342 1966 431 2012 ant
462 1964 677 2027 principi
708 1957 790 2032 (a)
816 1967 904 2013 aut
927 1965 1138 2015 Domitii
1165 1960 1241 2034 ((3)
1267 1983 1317 2017 30
1342 1966 1634 2030 adplicavit,
1665 1963 1805 2012 velut

96 2052 210 2086 cum
241 2037 320 2085 III
338 2039 371 2086 4
396 2038 475 2087 tit.
500 2041 631 2087 recte
654 2055 832 2088 nomen
856 2040 1032 2089 Earini
1057 2042 1294 2091 scriberet
1318 2040 1587 2090 secundum
1613 2049 1657 2099 (3,
1689 2054 1803 2087 011111

95 2113 255 2161 Ierim'
293 2112 345 2160 in
376 2107 426 2163 M
458 2116 639 2176 exstet,
679 2114 759 2163 vel
788 2114 842 2163 H
866 2116 898 2163 4
931 2115 1010 2165 tit.
1032 2119 1257 2176 psitacus
1289 2116 1489 2179 scripsit
1520 2131 1578 2163 ex
1609 2125 1664 2174 a,
1703 2129 1802 2162 non

88 2189 353 2250 psittacuS,
407 2188 539 2236 sicut
590 2190 642 2237 in
690 2183 741 2238 M
787 2189 1026 2252 scriptum
1074 2193 1150 2240 est
1195 2191 1274 2240 vel
1311 2191 1526 2251 plocium
1571 2205 1632 2251 9⁹·
1636 2191 1805 2249 ippwm

96 2253 180 2327 (ex
205 2255 277 2327 a),
301 2278 400 2311 11011
413 2262 626 2323 plotium
652 2262 890 2326 Grypum,
916 2265 1047 2327 quod
1071 2266 1240 2314 10010
1229 2283 1280 2314 111
1303 2260 1355 2315 Μ
1376 2265 1575 2330 legitur.
1630 2265 1802 2325 itaque

96 2341 245 2386 notae
267 2332 315 2387 A
339 2337 509 2386 variae
534 2339 742 2403 originis
767 2341 885 2388 sunt
903 2367 972 2373 -
990 2357 1107 2388 nam
1131 2342 1315 2389 multas
1341 2357 1400 2389 ex
1421 2339 1588 2389 codice
1605 2338 1802 2387 fluxisse

97 2414 286 2460 certum
311 2415 401 2474 est,
425 2413 648 2475 cf.supra
671 2429 719 2476 p.
730 2413 952 2478 LVIIsq.
973 2442 1056 2465 —.
1102 2419 1349 2479 quatenus
1374 2417 1542 2463 autem
1560 2430 1619 2462 ex
1636 2412 1802 2462 codice

95 2489 323 2550 sumptae
357 2490 487 2549 sunt,
522 2488 564 2536 si
595 2503 700 2537 rem
731 2490 941 2552 spectaS,
976 2490 1116 2539 nulla
1147 2491 1250 2539 fere
1283 2490 1565 2539 differentia
1595 2490 1729 2537 inter
1751 2481 1803 2537 M

97 2564 148 2610 et
177 2558 238 2613 A.
302 2578 461 2625 neque
492 2564 624 2611 enim
657 2562 937 2614 Politianus
970 2565 1019 2613 id
1054 2567 1179 2631 egit,
1211 2569 1268 2615 ut
1299 2565 1566 2629 diligenter
1598 2562 1717 2627 quid
1748 2562 1801 2609 in

96 2636 355 2702 Poggiano
380 2638 623 2699 scriptum
647 2641 791 2700 esset,
815 2642 1100 2703 testaretur,
1125 2641 1211 2691 sed
1234 2644 1295 2690 ut
1312 2640 1476 2690 Silvas
1495 2641 1599 2702 01113Ι
1618 2637 1801 2687 0οᾶ1013

49 2761 63 2777 ‚
97 2727 190 2776 ope
228 2711 515 2761 emendaret
550 2713 723 2776 itaque
760 2713 839 2764 ΠΙ
866 2716 913 2776 5,
939 2718 1004 2765 21
1050 2716 1397 2778 impenetrabile
1436 2715 1649 2764 correxit
1682 2727 1801 2762 usus

95 2785 308 2836 lectione
332 2780 382 2836 M
413 2792 466 2835 ut
488 2788 803 2850 penetrabile,
835 2805 944 2839 cum
976 2792 1028 2839 in
1062 2800 1126 2841 ac
1156 2793 1316 2840 exstet
1337 2790 1473 2839 haud
1486 2787 1801 2851 penetrabile,

97 2861 312 2911 correxit
356 2861 506 2911 etiam
552 2862 627 2911 m
655 2864 702 2924 2,
730 2865 833 2914 129
875 2868 926 2914 at
963 2880 1053 2928 pro
1093 2865 1169 2916 Ac
1210 2859 1304 2931 (sic
1341 2858 1415 2931 M)
1430 2858 1493 2932 ¹):
1542 2863 1711 2912 omisit
1747 2861 1800 2909 in

174 2963 215 3013 1)
248 2958 480 3015 siquidem
514 2959 630 3005 haec
662 2958 885 3006 Politiani
917 2964 1031 3007 nota
1063 2965 1146 3007 est.
