2034 3126
234 47 426 92 XXXIV
914 45 1256 91 PRAEFATIO

236 192 352 248 flere
407 188 639 236 exhibent
687 182 788 247 SU,
845 187 993 235 ceteri
1046 187 1163 235 libri
1216 191 1414 249 praeter
1458 183 1507 236 R
1553 182 1628 254 (in
1674 203 1772 250 quo
1818 188 1940 237 item

236 266 352 323 flere
392 261 598 325 legitur)
638 263 837 323 flerunt,
875 257 925 311 Μ
963 261 1116 310 habet
1149 264 1239 320 fle?
1271 261 1402 323 quod
1434 262 1778 325 compendium
1810 263 1939 312 alius

241 338 386 385 aliter
418 336 581 385 solvit.
645 335 777 398 quod
807 336 859 384 II
881 353 955 398 pr.
976 336 1004 383 6
1038 337 1092 382 111
1124 329 1204 384 SU
1236 338 1397 384 exstat
1426 351 1638 384 morum:
1668 338 1722 384 in
1752 331 1803 385 M
1833 337 1937 385 fere

236 410 514 460 confluxere
554 425 696 458 voces
727 411 781 457 in
811 411 944 458 omm‘
973 410 1235 472 minusque
1268 411 1430 459 clarae
1461 413 1576 458 sunt
1606 411 1806 459 litterae
1836 426 1934 460 mn.

233 485 286 534 H
312 488 358 546 1,
386 486 452 532 96
495 484 719 548 ligatura
758 487 802 532 et
839 495 989 546 quam
1027 484 1080 531 in
1111 500 1231 533 voce
1253 486 1435 546 pietate
1467 485 1670 533 admisit
1699 485 1934 534 librarius

234 555 297 621 M,
330 560 519 607 factum
551 561 639 619 est,
670 560 730 606 ut
750 560 961 619 picirate
993 558 1242 607 exhiberet
1274 569 1326 607 σ.
1377 558 1430 606 Π
1457 561 1503 620 1,
1532 561 1630 607 161
1659 560 1838 619 palam
1869 563 1937 608 est

233 635 440 694 iactique
479 632 572 694 (sic
604 626 707 699 SU)
742 634 858 695 post
889 635 1187 681 correctores
1218 645 1269 682 m
1302 633 1644 697 neglegentem
1674 633 1935 682 librarium

235 709 402 772 legere
433 707 654 769 potuisse
685 709 902 755 testatur
932 706 1197 756 Krohnius.
1251 707 1304 755 II
1330 709 1358 754 2
1392 708 1471 754 tit.
1497 707 1586 754 ubi
1619 708 1663 756 et
1693 707 1823 756 eneis
1855 702 1936 757 SU

234 782 494 845 praebent,
530 782 583 829 in
613 776 664 830 M
694 782 890 829 litteras
922 782 974 828 F
1001 783 1051 829 et
1087 781 1128 830 Ο
1154 797 1255 829 11011
1283 797 1484 844 prorsus
1517 782 1704 830 alienos
1736 797 1840 830 esse
1873 782 1935 830 ab

235 858 289 905 E
324 859 374 904 et
411 849 449 903 6
488 855 618 904 1110111
659 857 832 904 auctor
867 858 955 904 est.
1017 855 1069 902 II
1094 858 1142 916 2,
1169 857 1235 905 66
1269 857 1323 903 111
1353 871 1472 905 voce
1503 856 1756 917 Phydiaca
1785 856 1936 904 rubra

234 932 367 980 linea
405 948 495 994 per
532 931 756 979 litteram
795 931 843 978 P
877 930 1026 978 ducta
1065 931 1295 979 effectum
1331 932 1428 992 est,
1466 932 1524 977 ut
1555 930 1736 993 aliquis
1768 933 1937 993 posset

234 1007 395 1071 legere
433 1005 471 1054 Ο
502 1021 593 1067 pro
625 1005 682 1053 P.
726 1005 844 1052 hinc
873 1005 1111 1053 lectiones
1144 1005 1366 1054 codicum
1398 998 1478 1054 SU
1509 1007 1658 1052 natae
1685 1007 1823 1053 sunt:
1857 1021 1935 1052 ex-

232 1081 372 1129 hibet
403 1081 534 1128 enim
563 1075 596 1128 S
624 1079 874 1140 Ohrdiacc,
905 1073 951 1128 U
975 1079 1235 1128 Hordiace.
1283 1079 1416 1141 quod
1439 1078 1517 1127 ΙΠ
1536 1081 1669 1141 1,13
1701 1081 1938 1140 hyrtaque

236 1155 371 1203 clivis
401 1155 453 1202 in
480 1148 560 1204 SU
591 1153 792 1218 legitur,
823 1153 1131 1201 Matritensis
1163 1155 1375 1202 lectione
1398 1155 1632 1215 hyrtaque
1656 1155 1840 1214 clumsz
1857 1170 1936 1201 ex-

233 1230 463 1292 plicatur.
513 1229 648 1289 1114,
661 1230 729 1277 90
754 1228 949 1276 madere
966 1222 1060 1294 (sic
1077 1221 1181 1294 SU)
1198 1227 1458 1275 librarium
1474 1244 1655 1290 parum
1671 1228 1937 1292 diligenter

233 1305 480 1368 legentem
520 1303 696 1351 elicere
735 1304 958 1364 potuisse
997 1318 1056 1350 ex
1085 1297 1136 1351 M
1175 1295 1434 1369 (incidere)
1467 1304 1521 1351 in
1554 1302 1819 1350 collatione
1852 1301 1936 1350 ad-

236 1380 434 1427 notavit
463 1377 728 1425 Krohnius.
790 1377 863 1424 IV
892 1380 939 1438 1,
967 1378 1032 1424 29
1074 1377 1323 1439 particula
1353 1392 1439 1425 nec
1468 1393 1647 1439 parum
1677 1377 1938 1439 perspicue

236 1454 421 1515 scripta
445 1451 703 1500 turbatum
727 1467 831 1500 esse
855 1451 1116 1499 librarium
1134 1447 1174 1500 F
1197 1467 1347 1514 supra
1359 1444 1401 1518 ¹)
1420 1451 1938 1500 commemoravimus:

237 1529 326 1590 qui
364 1529 558 1589 patrem
591 1525 833 1574 librorum
864 1520 944 1575 SU
976 1526 1221 1587 exaravit,
1261 1540 1350 1585 que
1380 1526 1505 1589 legit
1536 1542 1625 1588 pro
1656 1541 1755 1575 nec,
1817 1542 1935 1574 nam

234 1602 368 1650 infra
390 1602 614 1649 litteram
635 1616 670 1648 n
694 1601 747 1648 in
764 1595 815 1649 Μ
831 1603 1165 1648 atramentum
1182 1600 1413 1661 diffluxit,
1437 1601 1511 1648 ita
1528 1602 1584 1647 ut
1600 1615 1628 1659 q
1644 1600 1746 1664 legi
1765 1601 1940 1663 possit.

311 1675 396 1724 sed
434 1675 603 1724 taedet
640 1674 694 1722 in
733 1675 835 1723 illis
873 1675 1076 1737 ineptiis
1117 1675 1304 1723 diutius
1335 1676 1546 1722 versari:
1587 1677 1939 1739 argumentum

235 1751 287 1798 in
311 1750 407 1798 fine
432 1749 671 1798 collocavi
695 1766 795 1798 non
818 1749 1059 1797 infimum.
1106 1749 1158 1796 in
1182 1749 1311 1797 libro
1337 1744 1370 1798 S
1389 1750 1593 1798 alterius
1609 1749 1939 1812 praefationis

236 1840 406 1873 versus
430 1824 548 1872 licet
571 1838 670 1871 non
696 1824 892 1886 expleto
917 1824 1066 1872 solito
1091 1825 1255 1886 spatio
1282 1823 1453 1872 eodem
1475 1823 1622 1872 modo
1647 1823 1939 1872 dividuntur

237 1915 335 1961 qua
365 1892 419 1946 in
450 1894 501 1947 M
531 1898 789 1960 isdemque
820 1899 943 1947 locis
974 1915 1185 1962 magnae
1216 1898 1415 1946 litterae
1449 1901 1712 1947 occurrunt
1742 1898 1794 1945 in
1821 1893 1854 1947 S
1889 1900 1939 1945 et

234 1974 287 2020 in
326 1968 376 2022 M
399 2000 473 2006 —
497 1973 558 2020 de
596 1967 641 2021 U
671 1973 798 2020 nihil
831 1975 955 2021 certi
984 1975 1038 2020 in
1069 1973 1162 2020 1130
1193 1989 1245 2020 10
1278 1973 1525 2020 affirmare
1558 1988 1784 2035 possum,
1825 1988 1939 2020 cum

236 2049 670 2107 Foerstemannus,
706 2047 847 2095 cuius
880 2048 1145 2096 collatione
1177 2063 1294 2096 usus
1327 2063 1452 2109 sum,
1483 2046 1542 2094 de
1574 2047 1760 2095 talibus
1791 2046 1940 2094 rebus

236 2123 363 2170 nihil
396 2122 670 2182 adnotavit,
702 2121 787 2170 sed
819 2138 930 2170 cum
963 2123 1023 2170 ad
1057 2122 1267 2170 eundem
1298 2122 1486 2170 fontem
1515 2116 1560 2170 U
1590 2121 1764 2169 redeat
1787 2123 1940 2183 atque

237 2191 294 2258 S,
334 2213 433 2244 non
473 2212 598 2258 opus
636 2199 710 2244 est
740 2196 964 2261 longiore
997 2197 1055 2244 de
1089 2192 1186 2244 hac
1216 2212 1269 2244 re
1301 2189 1687 2262 inquisitione.2)
1750 2195 1940 2243 accedit

238 2271 371 2333 quod
402 2266 436 2320 S
467 2269 757 2319 maiusculis
788 2272 970 2319 litteris
1002 2270 1166 2319 utitur
1198 2273 1246 2319 et
1270 2271 1322 2318 in
1347 2272 1522 2319 ceteris
1546 2269 1940 2333 praefationibus

237 2346 534 2407 ubicumque
572 2345 653 2393 vel
694 2345 763 2394 eis
802 2346 1035 2394 librarius
1066 2341 1117 2394 M
1153 2361 1272 2393 usus
1305 2347 1381 2394 est
1411 2345 1491 2393 vel
1523 2346 1753 2408 graviore
1784 2345 1936 2391 inter-

238 2420 506 2482 punctione
544 2421 710 2481 posita
746 2414 821 2468 1112
860 2420 1109 2468 enuntiati
1147 2420 1295 2468 finem
1332 2420 1590 2468 indicavit.
1662 2434 1786 2481 quae
1828 2434 1939 2466 cum

237 2496 312 2542 ita
344 2494 459 2557 sint,
491 2495 642 2542 etiam
677 2490 711 2544 S
744 2495 794 2542 et
824 2489 868 2543 U
894 2511 950 2542 ex
976 2495 1144 2543 eodem
1170 2495 1320 2556 fonte,
1352 2494 1481 2541 unde
1508 2495 1660 2542 ceteri
1682 2493 1799 2540 libri
1824 2495 1940 2541 sunt

240 2570 354 2629 orti,
386 2584 561 2630 nempe
594 2584 651 2616 ex
674 2564 740 2630 M,
771 2569 970 2617 fluxisse
996 2570 1097 2617 sole
1123 2569 1306 2616 clarius
1333 2571 1418 2616 est.
1468 2569 1557 2631 qui
1580 2568 1778 2624 librum,
1809 2567 1938 2614 unde

240 2642 600 2691 descenderunt
630 2638 663 2692 S
698 2646 749 2691 et
779 2638 837 2707 U,
871 2661 929 2692 ex
959 2639 1008 2692 M
1039 2643 1355 2705 transcripsit
1386 2644 1430 2691 ei
1462 2645 1658 2705 praesto
1691 2645 1833 2689 erant
1860 2642 1940 2689 vel

314 2757 358 2866 ἐξ
389 2755 855 2858 {cifiiiiitiitxggrsuum
893 2830 985 2858 non
1025 2815 1190 2858 eadem
1229 2814 1447 2858 exhibere
1485 2815 1534 2857 in
1564 2813 1939 2870 praefationibus

239 2887 360 2929 quae
393 2879 457 2930 Μ,
492 2874 593 2930 ipse
627 2876 823 2932 cognovi
856 2890 961 2919 eum
994 2874 1202 2918 codicem
1233 2874 1408 2918 Romae
1441 2873 1712 2918 evolverem.
