2034 3126
725 82 1070 128 PRAEFATIO
1563 82 1753 127 LXXIX

49 229 242 278 veritus
280 243 403 276 sum.
468 228 641 276 contra
679 241 780 274 non
818 225 980 274 solum
1010 223 1253 273 Politiani
1281 227 1428 273 notas
1461 226 1627 288 omisi,
1667 224 1753 272 sed

49 304 202 352 etiam
241 301 433 351 codices
468 301 689 349 novicios
722 315 782 347 ex
811 293 863 348 Μ
894 300 1029 348 ortos
1060 301 1183 347 nota
1213 314 1242 355 ς
1273 299 1635 362 comprehendi.
1697 301 1752 347 in

46 378 207 441 ipsius
236 371 288 427 Μ
324 375 624 425 lectionibus
661 374 792 422 hanc
829 374 1028 422 secutus
1067 388 1177 422 sum
1206 389 1456 435 normam,
1494 376 1552 422 ut
1583 375 1751 424 ortho-

47 452 287 517 graphica
323 450 412 499 ubi
451 448 769 511 antiquitatis
800 449 1013 510 speciem
1043 463 1162 511 prae
1194 463 1245 496 se
1277 449 1406 496 ferre
1437 448 1751 512 videbantur,

47 526 315 591 diligenter
351 539 622 584 servarem,
659 523 856 585 reliqua
893 523 1048 571 ferme
1088 522 1346 571 abicerem.
1401 539 1560 585 neque
1595 523 1752 588 igitur

48 601 463 650 commutationes
501 599 789 646 litterarum
828 612 852 646 e
891 598 942 645 et
978 612 1037 646 ae
1076 599 1148 658 et,
1197 613 1322 659 quae
1362 597 1523 646 rarior
1561 600 1657 660 est,
1697 612 1752 646 oe

50 675 290 724 adnotavi
318 689 482 735 neque
512 672 573 721 de
603 673 634 719 h
664 671 830 735 posito
863 673 967 721 sive
1000 673 1182 721 omisso
1213 672 1339 719 mihi
1370 674 1602 721 constans
1633 687 1751 721 usus

48 750 159 799 fuit.
205 750 465 812 praeterea
494 746 683 810 ubique
714 745 818 794 fere
848 745 902 793 in
932 740 983 795 Μ
1013 746 1210 795 litteras
1241 762 1277 794 u
1300 739 1378 813 (v)
1413 749 1463 794 et
1485 762 1521 795 n
1544 747 1675 796 inter
1699 762 1749 795 se

47 823 326 873 simillimas
374 837 479 871 esse
525 820 676 870 semel
718 820 968 869 monuisse
1009 821 1131 868 satis
1171 820 1345 869 habeo.
1415 821 1502 870 sed
1539 822 1662 871 haec
1702 823 1752 869 et

47 899 234 948 similia
282 912 361 946 me
407 896 652 959 sprevisse
698 911 843 944 nemo
889 895 1208 958 vituperabit.
1278 896 1332 943 in
1377 895 1586 959 reliquis
1633 912 1750 945 vero

45 972 355 1022 Matritensis
385 971 651 1020 lectionem
681 970 889 1032 retinui,
924 986 1026 1018 non
1058 969 1191 1032 quod
1222 971 1294 1019 sic
1325 985 1520 1033 semper
1549 974 1751 1034 poetam

46 1049 209 1112 ipsum
235 1047 491 1109 scripsisse
515 1060 764 1094 censerem
790 1070 860 1078 —
886 1044 1114 1108 quotiens
1139 1045 1434 1094 contendere
1459 1045 1751 1095 audebimus

47 1123 141 1171 hoc
164 1137 254 1170 nos
279 1121 426 1171 scire!
456 1146 547 1182 —,
570 1119 657 1168 sed
679 1135 741 1168 ne
764 1121 954 1167 textum
982 1119 1045 1167 ad
1069 1135 1222 1167 unam
1246 1120 1457 1168 formam
1480 1120 1751 1184 redigendo

46 1197 239 1246 sincera
285 1195 513 1245 delerem.
578 1193 705 1259 legis
751 1193 911 1257 igitur
953 1194 1076 1242 haut
1120 1195 1170 1242 et
1214 1194 1372 1251 haud,
1419 1196 1654 1244 circumeo
1702 1197 1752 1244 et

46 1273 233 1320 circaeo
255 1297 330 1304 —
353 1270 415 1319 de
447 1285 544 1332 quo
576 1269 728 1318 verbo
756 1268 816 1316 cf.
842 1268 994 1317 Prisc.
1022 1267 1120 1317 GL.
1143 1268 1195 1316 H
1219 1285 1267 1331 p.
1293 1270 1380 1331 45,
1408 1270 1490 1318 13.
1525 1297 1595 1302 -
1628 1271 1751 1319 alia-

47 1362 144 1410 que
176 1346 269 1394 hoc
300 1360 472 1409 genus.
517 1344 613 1392 huc
639 1342 768 1391 illud
792 1359 989 1406 quoque
1013 1343 1246 1405 pertinet,
1279 1343 1413 1406 quod
1436 1344 1513 1393 bis
1536 1345 1752 1393 formam

48 1435 158 1471 ecus
195 1422 248 1468 in
288 1422 481 1469 textum
520 1418 711 1466 admisi.
774 1433 891 1466 nam
930 1417 1120 1466 duobus
1159 1418 1283 1468 locis
1322 1434 1432 1467 eam
1469 1420 1752 1482 antiquitus

48 1495 290 1544 traditam
322 1509 425 1543 esse
456 1494 778 1542 manifestum
810 1495 900 1542 est.
946 1492 972 1540 I
1003 1493 1158 1555 praef.
1187 1494 1255 1540 24
1287 1495 1343 1542 in
1375 1508 1508 1542 ecum
1538 1494 1668 1543 latet
1699 1495 1751 1542 in

46 1569 353 1619 Matritensis
382 1568 594 1617 lectione
616 1582 816 1624 memma,
846 1566 1066 1630 itemque
1089 1568 1142 1615 in
1167 1568 1317 1616 titulo
1342 1568 1493 1631 primi
1516 1571 1752 1618 carminis

45 1643 215 1694 Ecvs
247 1644 447 1706 scripsit
469 1636 564 1705 M13
594 1657 722 1706 quae
753 1641 966 1706 vestigia
997 1642 1138 1691 nolui
1169 1642 1335 1691 deleri.
1383 1659 1502 1692 nam
1532 1645 1752 1706 primum

47 1719 249 1782 quidem
289 1718 522 1767 librarios
559 1718 745 1766 temere
785 1731 892 1776 -qu-
929 1718 982 1765 in
1021 1716 1208 1765 talibus
1247 1717 1501 1780 scripsisse
1539 1735 1631 1781 pro
1671 1734 1753 1782 -e-,

46 1795 197 1843 etiam
246 1792 445 1842 aliunde
484 1793 715 1855 apparet,
762 1791 822 1840 cf.
847 1791 901 1839 H
935 1795 981 1854 1,
1018 1793 1122 1841 178
1162 1791 1250 1840 ubi
1289 1806 1497 1853 aevoque
1536 1793 1662 1843 abiit
1699 1795 1752 1842 in

46 1883 106 1918 ac
141 1883 252 1917 voce
289 1883 450 1930 neque
485 1867 798 1930 explicantur
827 1865 1144 1915 diversitates
1174 1866 1228 1914 in
1260 1866 1512 1917 codicibus
1546 1867 1750 1918 Silianis

47 1942 187 1992 velut
216 1942 313 1991 XII
347 1943 452 1991 296
487 1967 557 1975 -
588 1941 679 1990 ubi
716 1940 975 2006 Poggiana
1017 1941 1212 1990 familia
1249 1936 1334 1991 ΕΙ]
1373 1942 1572 1992 exhibet
1608 1958 1751 1994 nosco

46 2018 176 2067 unde
206 2031 296 2066 nos
326 2031 420 2078 quo
451 2017 609 2065 fecere
640 2009 730 2065 VO
761 2042 851 2076 —‚
882 2017 981 2064 nisi
1011 2016 1206 2064 librarii
1238 2018 1391 2065 etiam
1421 2018 1474 2065 in
1506 2017 1751 2067 similibus

47 2092 251 2141 vocibus
282 2092 515 2156 vulgares
547 2092 733 2139 formas
762 2105 875 2138 cum
898 2105 1005 2150 ηπ·
1028 2091 1292 2140 restituere
1318 2091 1512 2140 adsueti
1536 2093 1751 2143 fuerunt.

44 2169 99 2216 in
137 2169 248 2230 ipsa
287 2169 458 2215 autem
493 2182 612 2216 voce
644 2179 754 2214 ecus
784 2164 877 2214 hoc
907 2166 1098 2214 factum
1129 2180 1234 2214 esse
1266 2165 1502 2215 discimus
1535 2183 1593 2216 ex
1626 2167 1751 2218 Silio

44 2241 72 2291 I
103 2243 211 2291 485
251 2240 339 2289 ubi
373 2242 591 2306 genuina
620 2239 791 2290 lectio:
830 2240 934 2288 Fer
964 2242 1118 2289 tecwm
1148 2241 1278 2289 male
1311 2242 1554 2304 separatis
1586 2243 1750 2292 verbis

45 2318 314 2366 immutata
354 2319 429 2365 est
462 2315 514 2363 in
544 2314 665 2364 Fert
696 2330 833 2376 eqwm
864 2309 905 2364 F
936 2315 1016 2364 vel
1047 2315 1168 2364 Fert
1198 2329 1372 2376 equum
1404 2310 1549 2366 LVO.
1603 2318 1752 2380 plura

47 2406 250 2455 possum
303 2391 450 2439 huius
503 2390 578 2438 rei
630 2389 854 2452 exempla
907 2390 1149 2453 proferre,
1212 2389 1298 2439 sed
1351 2391 1575 2441 sufficere
1629 2393 1752 2441 haec

47 2480 235 2515 censeo.
298 2464 490 2514 accedit
528 2462 660 2527 quod
698 2463 813 2514 inde
859 2464 923 2512 ab
955 2464 1173 2529 Augusti
1214 2466 1378 2514 aetate
1419 2468 1535 2515 ante
1568 2482 1603 2515 u
1634 2468 1751 2516 scri-

44 2539 260 2589 bebatur
289 2554 314 2588 ο
344 2555 434 2603 pro
466 2555 552 2601 qu3
591 2540 1033 2603 grammaticorum
1065 2543 1235 2588 autem
1266 2539 1495 2590 doctrina
1526 2542 1749 2591 nomina-

44 2614 151 2665 tivo
190 2618 341 2678 atque
382 2614 666 2663 accusativo
705 2612 767 2662 ad
809 2617 1085 2663 ceterorum
1125 2629 1331 2663 casuum
1366 2615 1580 2664 formam
1612 2631 1750 2664 exae-

48 2691 216 2753 quatis
247 2689 493 2752 paulatim
525 2703 806 2739 succrevere
838 2689 1028 2737 formae
1056 2688 1197 2737 velut
1221 2704 1370 2750 equus
1394 2693 1444 2739 et
1468 2690 1576 2740 sim.
1625 2707 1751 2753 quas

47 2779 79 2814 a
131 2763 337 2813 Traiani
397 2761 704 2826 temporibus
763 2763 1049 2827 regnavisse
1113 2766 1289 2813 auctor
1341 2767 1417 2813 est
1471 2764 1751 2828 Lindsayus

48 2832 134 2905 (cf.
167 2837 579 2901 Lindsay-Nohl,
628 2837 725 2887 Die
770 2836 1047 2887 lateinisehe
1087 2836 1301 2899 Sprache
1343 2840 1510 2901 1897,
1556 2857 1604 2903 p.
1639 2833 1748 2906 99).

51 2916 199 2962 antea
223 2912 381 2977 igitur
404 2911 680 2962 fluctuabat
696 2911 944 2975 scriptura
961 2917 1011 2961 et
1026 2915 1194 2976 potest
1209 2913 1389 2963 saltem
1407 2929 1516 2963 ecus
1533 2915 1752 2979 genuina
