2034 3126
234 71 512 117 LXXXVIII
587 69 930 115 PRAEFATIO
962 68 1267 115 EDITIONIS
1297 68 1592 115 ALTERIUS

235 213 323 260 ille
355 213 408 259 in
440 227 527 259 suo
563 210 729 259 codice
762 211 928 259 deesse
959 227 1156 260 versum
1186 210 1212 258 I
1237 212 1285 272 4,
1312 211 1419 271 86²,
1452 210 1539 272 qui
1570 226 1741 260 versus
1773 214 1938 261 exstat

236 287 288 333 in
327 281 390 335 M.
455 285 663 333 eundem
695 285 1066 348 Engelmannus
1105 285 1457 347 interpolatori
1492 284 1693 347 tribuit,
1732 286 1811 334 cui
1851 287 1937 334 ad-

237 360 515 423 stipulatur
551 359 894 408 Phillimorius
940 376 986 421 p.
1020 359 1158 407 XHI.
1221 359 1307 406 sed
1343 375 1502 423 nugas
1543 363 1714 422 agunt.
1775 377 1934 423 neque
2020 340 2024 395 ¹-

238 435 369 482 enim
401 434 838 497 interpolationem
870 433 1003 496 sapit
1033 433 1170 482 locus
1201 432 1303 482 hic:

311 508 539 557 Laudem
571 513 615 558 et
644 523 769 568 opes.
816 511 979 556 tantas
1009 522 1095 556 nec
1125 510 1210 568 qui
1239 510 1563 557 mandaverat
1593 522 1744 557 ansas

310 583 584 644 Expectare
614 584 725 643 fuit.
768 582 950 642 qaudet
982 582 1379 644 Uirasymensnus
1412 586 1455 631 et
1482 581 1634 642 Alpes

310 655 545 707 Attollam
578 661 724 706 cantu
751 657 933 719 qaudet
965 657 1362 718 Thrasymennus
1395 660 1437 705 et
1466 655 1618 717 Alpes

316 730 690 792 Cannensesque
722 733 940 791 animae,
962 733 1252 792 primusque
1281 733 1470 792 insiyne
1501 731 1734 780 tributum

310 807 427 868 Ipse
451 807 628 867 palam
660 802 791 856 laeta
812 806 1043 867 poscebat
1070 805 1290 866 Requlus
1320 806 1509 854 umbra.

237 897 333 943 quo
368 881 427 928 de
460 881 569 930 loco
600 883 732 929 recte
763 880 1078 942 iudicaveris,
1113 880 1155 928 si
1186 882 1550 943 comparaveris
1580 880 1670 928 hos
1702 880 1860 929 locos:

236 954 325 1004 Sil.
350 955 474 1003 XIII
501 956 628 1003 153:

322 1030 436 1078 Una
467 1044 607 1077 mora
637 1028 902 1078 Aeneadae
932 1043 1083 1089 usque
1112 1029 1166 1076 in
1197 1031 1464 1078 certamina
1495 1029 1663 1077 ductor

316 1104 452 1153 Dum
484 1105 625 1153 daret
657 1105 932 1164 auspicium
961 1117 1113 1163 usque
1143 1104 1197 1151 in
1229 1105 1496 1152 certamina
1526 1105 1695 1152 ductor

237 1179 308 1227 sic
354 1177 697 1227 Coloniensem
738 1176 1015 1227 exhibuisse
1053 1179 1326 1227 testantur:
1363 1179 1496 1227 recte
1535 1178 1587 1225 in
1626 1177 1939 1243 Sangallensi

237 1254 325 1315 qui
357 1253 542 1301 dicitur
550 1247 617 1320 ¹):

319 1324 433 1376 Um
464 1342 603 1376 mora
632 1326 899 1376 Aeneadae
920 1329 1182 1388 postquam
1211 1340 1304 1375 vox
1334 1327 1493 1387 attiyit
1523 1340 1669 1375 aures

309 1403 448 1450 Dum
480 1402 620 1451 daret
651 1403 927 1462 auspicium
955 1415 1106 1461 usque
1136 1402 1190 1449 in
1221 1403 1488 1450 certamina
1518 1401 1701 1450 ductor.

236 1476 400 1525 Plaut.
426 1477 561 1525 Trin.
590 1477 755 1524 1174:

309 1550 510 1612 Aperite
539 1553 626 1600 hoc
657 1551 839 1612 aperite
860 1564 1071 1611 propere
1102 1550 1229 1611 quod
1264 1564 1371 1597 eum
1403 1553 1684 1598 conventum

310 1626 474 1674 Foras
501 1629 686 1674 evocate
708 1627 783 1674 ita
806 1625 1008 1673 subitost
1019 1638 1230 1685 propere
1254 1625 1381 1685 quod
1405 1639 1514 1672 eum
1534 1626 1818 1673 conventum
1832 1624 1940 1672 volo

237 1699 307 1748 Sic
340 1695 406 1760 Β·
439 1717 612 1748 verum
644 1699 876 1748 exhibent
907 1693 987 1748 CI)

310 1737 513 1835 Aperite
551 1776 638 1823 hoc
668 1776 850 1834 aperite
873 1787 1081 1834 propere
1113 1776 1155 1820 et
1183 1773 1508 1822 Lesbonicum
1538 1774 1583 1821 si
1613 1773 1788 1822 domist

311 1850 473 1898 Foras
497 1852 684 1898 evocate
706 1851 776 1897 ita
799 1849 1002 1897 subitost
1012 1861 1223 1908 propere
1246 1848 1374 1909 quod
1398 1863 1506 1896 euan
1521 1850 1802 1896 conventum
1818 1846 1937 1895 volo,

311 1924 443 1971 sicut
465 1924 543 1971 his
567 1923 705 1985 locis,
728 1924 802 1971 ita
827 1923 961 1985 apud
986 1921 1205 1970 Statium
1229 1937 1344 1985 pars
1366 1937 1536 1971 versus
1553 1921 1804 1984 sequentis
1820 1937 1938 1985 neg·
2016 1927 2034 1980 ·;

234 1997 455 2062 legentia
502 1998 698 2046 librarii
744 1999 798 2045 in
842 1998 1061 2060 priorem
1104 2012 1301 2044 versum
1338 1999 1540 2059 recepta
1578 2001 1673 2057 est,
1721 1996 1939 2058 expulsis

235 2072 327 2120 illa
361 2072 702 2135 duplicatione
735 2072 962 2136 genuinis
993 2071 1171 2119 verbis.

308 2147 479 2209 itaque
512 2162 710 2195 versum
734 2147 880 2194 illum
906 2146 933 2194 Ι
951 2147 1000 2207 4,
1018 2146 1113 2193 86¹²
1135 2144 1495 2207 interpolatum
1517 2161 1617 2193 non
1641 2159 1745 2192 esse
1771 2145 1938 2206 quivis

235 2221 482 2270 concedet.
528 2221 621 2269 hoc
652 2236 714 2268 ne
744 2220 1031 2285 Postgatius
1065 2220 1264 2282 quidem
1295 2221 1461 2283 negat,
1493 2217 1581 2282 qui
1612 2234 1724 2267 cum
1755 2218 1937 2282 Engel-

234 2310 416 2343 manno
440 2298 672 2344 notarum
696 2295 1088 2344 Politianearum
1118 2295 1359 2356 patronus
1389 2294 1568 2342 extitit.
1615 2295 1785 2342 tamen
1809 2292 1938 2340 diffi-

237 2370 476 2417 cultatem
499 2372 557 2417 ut
579 2371 871 2433 removeret,
904 2370 947 2417 si
972 2368 1091 2432 quid
1116 2384 1205 2432 ego
1230 2368 1389 2429 video,
1416 2369 1462 2415 ei
1484 2367 1687 2416 minime
1712 2367 1939 2431 contigit.

237 2443 513 2492 arbitratur
537 2445 669 2492 enim
693 2460 893 2493 versum
915 2444 1060 2491 illum
1086 2442 1308 2491 extitisse
1334 2442 1535 2504 quidem
1558 2441 1610 2489 in
1632 2441 1940 2490 Matritensis

239 2519 511 2581 exemplari
541 2519 574 2566 i.
606 2521 660 2566 in
692 2519 859 2567 codice
893 2534 923 2566 a
954 2517 1143 2582 Poggio
1175 2517 1227 2564 in
1258 2516 1461 2565 Italiam
1492 2517 1644 2564 misso
1668 2542 1742 2549 —
1764 2517 1822 2563 ut
1851 2515 1937 2562 ille

236 2593 418 2640 statuit
458 2620 527 2626 -—
569 2593 655 2642 sed
697 2595 872 2655 postea
910 2607 1084 2640 rasura
1124 2591 1357 2639 deletum.
1419 2592 1589 2653 itaque
1628 2590 1938 2638 Politianum

240 2668 374 2715 recte
399 2667 664 2716 tradidisse
687 2682 884 2715 versum
907 2668 959 2714 in
983 2666 1242 2730 Poggiano
1266 2681 1367 2713 non
1391 2667 1595 2713 exstare.
1637 2664 1768 2727 quod
1792 2679 1942 2726 quam

234 2741 564 2804 probabiliter
611 2743 948 2804 excogitatum
988 2741 1075 2802 sit,
1122 2740 1280 2789 cuivis
1318 2742 1606 2802 promptum
1645 2741 1719 2786 est
1758 2753 1937 2802 cogno-

236 2897 246 2906 ·
312 2842 353 2895 1)
374 2851 540 2941 tneque
581 2838 704 2883 enim
743 2837 842 2882 ulla
880 2851 931 2882 re
967 2837 1194 2895 probatur
1225 2837 1352 2893 apud
1386 2836 1518 2880 Stum
1549 2834 1736 2880 Gallum
1770 2833 1941 2880 Silium

232 2912 371 2941 inven
396 2912 488 2941 um.

2030 2890 2034 2938 .-..
2028 2831 2034 2872 -.-
2027 2707 2034 2814 -..μ
2031 2684 2034 2692 .
2027 2000 2034 2654 Α--.-4-..-.--φ-.κ.-,-..--.---..-,.---.ξ
