2034 3126
250 107 436 151 LXXVI
922 105 1264 151 PRAEFATIO

241 247 638 309 Lundstroemio,
670 248 722 294 in
747 247 1019 309 exemplari
1042 246 1348 295 Matritensis
1372 246 1523 296 fuisse
1547 247 1642 295 hoc
1663 247 1772 297 loco
1797 249 1942 311 quin·

241 337 494 385 quagenos
532 321 675 370 binos
714 323 767 369 in
809 337 1009 384 quaque
1045 321 1231 384 pagina
1262 337 1456 381 versus,
1497 336 1595 369 non
1626 337 1792 370 renuo.
1856 323 1946 371 sed

238 396 361 444 haec
402 396 649 444 sententia
686 395 890 443 minime
929 399 1123 458 pugnat
1164 410 1275 443 cum
1305 395 1616 458 Krohniana‚
1657 396 1735 444 cui
1765 399 1945 459 utpote

241 470 536 519 certioribus
570 470 878 534 argumentis
906 468 1044 517 nisae
1070 472 1120 517 et
1142 469 1240 531 ipsi
1263 469 1562 532 adstipulati
1585 485 1767 518 sumus.
1822 486 1940 519 nam

239 543 348 591 fieri
377 545 560 606 potuit,
593 547 652 592 ut
683 544 774 592 sub
806 543 954 591 finem
979 543 1161 591 codicis
1187 544 1485 606 scripturam
1507 545 1668 607 magis
1693 546 1946 593 coartaret

238 617 487 667 librarius.
551 618 628 666 sin
669 619 838 666 autem
878 634 988 666 cum
1019 617 1242 666 Krohnio
1283 619 1435 666 etiam
1471 619 1779 667 hexametros
1810 618 1941 666 binis
2019 624 2024 638 ⁵

240 693 481 742 columnis
515 694 725 755 scriptos
756 693 914 740 fuisse
946 692 1213 740 statuimus
1242 719 1315 725 —
1339 692 1391 739 id
1423 692 1555 755 quod
1585 692 1939 755 probabilitate

242 766 458 829 quadam
496 767 700 814 minime
741 767 876 814 caret
914 793 975 799 —
1011 766 1160 828 plane
1194 766 1267 814 nil
1299 766 1514 815 efficitur
1545 783 1603 814 ex
1633 767 1740 814 illis
1770 767 1942 814 ultimi

240 840 474 889 carminis
504 840 713 890 lacunis.

315 916 399 964 sed
445 915 567 963 haec
613 931 712 963 non
759 915 973 962 multum
1012 915 1179 963 valere
1220 914 1445 963 concedo.
1516 915 1728 963 certiora
1767 931 1941 979 aggre-

240 989 437 1038 diamur
476 991 526 1037 et
561 990 808 1053 graviora.
870 990 973 1036 iam
1005 990 1137 1037 enim
1170 990 1396 1051 quaestio
1429 990 1661 1051 exoritur,
1694 1005 1793 1052 quo
1825 991 1941 1038 scri·
2012 1006 2015 1010 ·

238 1062 388 1112 bendi
442 1080 618 1128 genere
665 1064 818 1111 fuerit
865 1064 1095 1112 exaratus
1141 1064 1228 1112 ille
1276 1064 1427 1112 codex
1472 1063 1780 1112 Matritensis
1825 1064 1945 1112 libri

242 1139 535 1187 antecessor.

313 1229 415 1260 una
462 1228 572 1260 cum
620 1212 828 1260 Manilio
876 1213 926 1260 et
973 1211 1097 1259 Silio
1143 1213 1370 1274 repertae
1416 1214 1533 1260 sunt
1576 1212 1757 1260 Silvae.
1827 1227 1941 1260 cum

239 1303 357 1335 vero
389 1302 489 1336 non
523 1286 724 1334 eaedem
755 1286 1040 1334 litterarum
1065 1288 1476 1335 commutationes
1501 1286 1554 1334 in
1578 1286 1775 1334 Manilii
1798 1288 1941 1335 textu

240 1363 456 1422 exstent,
498 1376 621 1423 quas
659 1362 713 1408 in
747 1360 897 1409 Silvis
934 1351 1198 1409 admodum
1230 1360 1515 1423 frequentes
1548 1376 1652 1409 esse
1682 1361 1736 1409 in
1766 1360 1940 1424 primis

238 1434 555 1497 potissimum
587 1436 787 1499 paginis
819 1450 970 1498 supra
1002 1435 1366 1496 adnotavimus,
1396 1451 1498 1484 non
1529 1452 1586 1484 ex
1618 1452 1717 1484 uno
1749 1435 1939 1484 eodem·
2008 1493 2012 1499 Ι

241 1525 336 1571 que
371 1509 499 1558 libro
531 1510 621 1558 hos
654 1512 880 1558 auctores
911 1509 1110 1558 fluxisse
1141 1510 1421 1558 statuerim.
1483 1510 1675 1558 accedit
1706 1510 1943 1558 alterum:

238 1583 433 1632 Manilii
486 1584 638 1632 codex
683 1583 842 1632 foedis
888 1583 1360 1646 interpolationibus
1406 1580 1640 1647 turpatus
1689 1585 1786 1646 est,
1841 1599 1942 1647 quo

240 1673 417 1722 genere
436 1657 603 1707 Silvae
628 1659 730 1706 fere
756 1660 939 1708 carent.
987 1673 1046 1707 ac
1068 1675 1129 1706 ne
1152 1658 1245 1707 hoc
1270 1657 1470 1721 quidem
1492 1658 1693 1707 videtur
1715 1660 1940 1721 praeter·
2006 1703 2007 1706 ,

238 1732 537 1780 mittendum
568 1748 685 1783 esse.
742 1749 868 1795 quae
891 1734 944 1780 in
971 1732 1122 1781 Silvis
1145 1732 1470 1782 inveniuntur
1491 1733 1739 1796 ligaturae
1764 1748 1942 1782 vocum

240 1810 283 1854 et
314 1821 370 1855 σω
395 1809 445 1854 et
468 1807 749 1855 litterarum
773 1811 842 1868 nt,
874 1822 957 1855 eas
981 1823 1082 1855 non
1106 1809 1298 1855 exstare
1321 1808 1375 1855 in
1398 1801 1683 1874 Manilio¹):
1715 1823 1833 1871 ergo
1858 1823 1944 1856 eas
2027 1815 2029 1818 ⁴

239 1898 296 1928 ex
323 1880 456 1929 Stati
485 1881 755 1944 exemplari
779 1881 1051 1930 translatas
1077 1897 1180 1930 esse
1207 1884 1282 1930 est
1306 1881 1712 1931 concludendum.
1768 1883 1944 1930 contra.

239 1970 435 2003 summa
454 1956 730 2005 similitudo
746 1956 1011 2004 intercedit
1025 1956 1158 2004 inter
1175 1955 1426 2004 Silvarum
1443 1958 1492 2004 et
1510 1955 1601 2003 Sili
1619 1956 1941 2018 corruptelas.

238 2045 349 2077 cum
380 2030 434 2077 hi
463 2032 641 2092 poetae
672 2046 775 2078 una
804 2032 992 2092 reperti
1015 2030 1116 2078 sint
1140 2046 1170 2078 a
1194 2030 1386 2095 Poggio
1411 2030 1472 2078 ab
1498 2030 1765 2093 eodemque
1789 2029 1940 2078 libra·
2009 2069 2014 2083 ,.

237 2104 312 2152 rio
351 2103 406 2152 in
447 2105 551 2153 eius
590 2119 735 2153 usum
777 2105 1091 2167 transcripti,
1129 2105 1223 2154 hoc
1263 2105 1443 2153 summi
1474 2104 1714 2154 momenti
1743 2104 1944 2153 videtur

236 2178 361 2225 mihi
393 2194 510 2227 esse.
560 2179 713 2227 etiam
746 2179 1004 2242 compendi
1034 2179 1171 2227 illius
1203 2180 1254 2240 sa,
1287 2179 1420 2242 quod
1450 2178 1757 2228 Matritensis
1789 2178 1938 2226 libra-

235 2254 368 2300 rium
416 2252 477 2301 ab
526 2254 795 2316 exemplari
842 2269 932 2302 suo
971 2254 1286 2302 transtulisse
1328 2269 1522 2315 cense0,
1569 2255 1767 2302 exstant
1805 2255 1940 2301 certa

238 2328 453 2390 vestigia
491 2329 543 2375 in
585 2327 836 2376 codicibus
877 2328 1085 2377 noviciis
1119 2327 1233 2390 Sili,
1273 2344 1396 2390 quos
1428 2327 1492 2376 ad
1522 2328 1704 2375 librum
1734 2327 1876 2375 illum
1910 2344 1940 2376 a

235 2400 425 2465 Poggio
456 2418 481 2449 e
506 2401 722 2450 tenebris
745 2403 1059 2464 protractum
1082 2402 1242 2450 redire
1267 2404 1476 2465 constat,
1506 2403 1754 2466 pluraque
1777 2402 1941 2450 latent

235 2476 289 2522 in
322 2475 585 2525 codicibus.
635 2477 694 2524 cf.
722 2493 760 2524 e.
787 2494 831 2540 g.

337 2609 339 2611 ,
417 2549 444 2598 Ι
479 2551 606 2598 166:
639 2550 720 2599 leti
759 2544 948 2600 CLOV:
993 2552 1135 2600 lateri
1173 2545 1237 2600 F:
1277 2551 1395 2600 lacti
1433 2544 1804 2616 S(angallensis
1845 2549 1940 2598 Sili

639 2626 726 2687 qui
758 2618 964 2690 dicitur)

479 2700 606 2747 170:
639 2701 733 2758 Leia
768 2715 864 2748 om.
889 2693 974 2748 13¹¹:
1009 2699 1171 2761 suppl.
1196 2691 1311 2747 F⁸i¹¹²
1344 2692 1427 2766 (cf.
1455 2698 1587 2748 Stati
1619 2698 1836 2747 codicem
1866 2691 1934 2764 B)

477 2773 607 2821 286:
640 2775 772 2822 letali
803 2773 965 2836 suppl.
992 2766 1121 2835 F⁸i¹¹¹,
1155 2788 1248 2822 om.
1273 2768 1338 2822 F1

316 2931 359 2985 1)
385 2943 671 2986 quamquam
695 2928 858 2973 Manil.
875 2929 938 2972 III
965 2933 1019 2973 10
1053 2930 1245 2974 {acetum
1270 2930 1496 2987 scriptum
1520 2931 1590 2974 est
1612 2943 1696 2986 pro
1723 2929 1934 2973 lacerum.
