2034 3126
779 111 1124 162 PRAEFATIO
1660 117 1807 163 LXXI

97 261 264 323 ipsum
296 259 642 307 Matritensem
673 257 979 321 adhibuisse,
1010 260 1180 307 tamen
1211 259 1471 321 scrupulus
1502 261 1661 308 restat
1690 275 1803 324 gra—

96 333 331 382 vissimus
379 348 527 395 quem
571 332 673 380 iam
720 348 874 396 supra
910 331 1074 398 tetigi.
1143 333 1271 381 nihil
1309 335 1474 381 autem
1517 332 1627 383 dico
1668 333 1804 396 quod

96 407 176 456 111
215 409 265 470 2,
306 407 375 455 56
423 406 629 456 lectioni
667 417 701 456 a
737 405 909 456 Serius
948 422 973 457 e
999 410 1162 468 puppi
1201 422 1352 469 supra
1392 407 1614 470 scripsit:
1660 423 1802 457 sevus

98 486 141 531 et
170 484 226 530 in
255 483 293 531 1⁰
311 495 436 542 poy,
474 483 739 544 propterea
771 481 904 544 quod
934 498 1035 531 non
1067 481 1130 530 ab
1162 482 1297 530 omni
1327 484 1472 544 parte
1504 482 1696 530 certum
1728 484 1804 531 est

99 555 219 619 quid
234 555 516 604 Politianus
539 556 593 604 in
610 555 866 620 Poggiano
886 556 1038 604 fuisse
1055 555 1376 605 contenderit.
1424 556 1584 605 multo
1600 556 1803 605 maioris

98 631 341 679 momenti
380 632 457 679 est
495 629 735 678 alterum:
775 630 945 679 abesse
984 630 1116 679 enim
1156 630 1353 679 disertis
1392 630 1557 680 verbis
1586 632 1805 679 testatur

96 704 377 754 Politianus
408 719 439 752 a
470 719 559 753 suo
593 704 761 753 codice
790 720 989 755 versum
1020 704 1046 753 I
1071 706 1120 766 4,
1146 705 1242 753 86⁸
1273 705 1363 767 qui
1393 704 1581 770 legitur
1603 707 1654 754 et
1676 705 1730 752 in
1752 700 1805 755 M

0 774 4 838 [
100 781 151 829 et
187 780 241 827 in
281 788 360 840 ac,
392 779 452 827 cf.
478 794 629 841 supra
666 795 716 842 p.
740 778 796 827 L.
857 778 952 828 hoc
983 780 1089 828 solo
1119 779 1229 829 loco
1262 779 1443 828 cecidit
1475 779 1608 842 quod
1636 780 1802 843 posui·

97 869 230 902 mus:
268 869 368 903 uon
402 855 570 916 potest
599 848 650 903 Μ
678 853 812 902 idem
844 853 997 902 codex
1029 869 1134 903 esse
1167 854 1256 916 qui
1286 855 1342 903 in
1371 854 1614 902 Politiani
1644 856 1803 903 mani—

96 927 192 976 bus
222 928 333 976 fuit.
385 943 584 976 versum
616 929 785 976 autem
807 928 952 976 illum
975 928 1201 991 plerique
1226 928 1440 978 editores
1464 945 1524 977 ne
1549 928 1804 978 Vollmero

98 1001 296 1066 quidem
322 1005 524 1064 excepto
549 1018 575 1051 e
600 1004 835 1051 contextu
859 1005 1191 1052 removerunt.
1240 1019 1339 1066 qua
1362 1004 1416 1051 in
1439 1019 1493 1051 re
1510 1004 1805 1067 gravissime

0 1118 3 1124 .
96 1076 223 1125 mihi
260 1076 493 1125 videntur
529 1079 828 1140 peccavisse.
889 1093 1049 1140 neque
1081 1078 1214 1126 enim
1243 1094 1334 1141 per
1365 1093 1415 1126 se
1446 1093 1620 1127 versus
1650 1079 1806 1127 inter-

98 1151 409 1215 polationem
440 1152 575 1214 sapit
606 1177 678 1185 —
711 1154 822 1215 quis
850 1153 982 1200 enim
1006 1167 1248 1215 umquam
1271 1152 1431 1201 Italus
1456 1154 1562 1200 tam
1584 1152 1806 1216 ineptam

100 1228 152 1275 et
185 1225 518 1290 inelegantem
549 1226 991 1290 interpolationem
1020 1227 1163 1275 fecit!
1197 1254 1269 1260 —
1300 1242 1459 1289 neque
1491 1227 1806 1291 perspicitur,

99 1299 347 1363 quomodo
394 1302 445 1349 et
489 1300 620 1349 unde
658 1302 712 1350 in
751 1301 971 1350 codicem
1007 1296 1059 1351 Μ
1096 1300 1376 1364 inrepserit.
1446 1317 1563 1349 nam
1602 1302 1806 1351 minime

98 1377 319 1425 statuere
364 1374 485 1424 licet
527 1375 694 1438 ipsum
731 1375 993 1424 librarium
1032 1392 1146 1424 eum
1184 1375 1383 1425 finxisse
1422 1391 1512 1439 pro
1551 1379 1659 1425 tota
1701 1377 1806 1426 eius

97 1448 288 1510 indole,
327 1465 458 1512 quae
497 1451 573 1499 est
609 1452 863 1514 pingentis
902 1466 1278 1514 nonnumquam
1315 1450 1470 1500 verba
1510 1451 1807 1514 exemplaris

100 1524 178 1573 sui
225 1526 276 1571 et
317 1525 571 1587 peccantis
610 1540 670 1573 ex
708 1525 931 1574 stultitia
970 1526 1052 1575 vel
1091 1526 1430 1590 neglegentia,
1477 1525 1564 1574 sed
1602 1525 1807 1574 minime

99 1602 284 1648 temere
327 1600 573 1648 novantis,
642 1600 796 1648 immo
835 1600 989 1648 etiam
1027 1600 1120 1648 hoc
1158 1600 1270 1648 loco
1310 1600 1439 1649 sicut
1478 1599 1602 1648 alibi
1639 1600 1806 1664 negle-

102 1674 303 1738 gentiae
333 1688 447 1723 reus
478 1676 568 1735 est,
600 1689 711 1723 cum
746 1690 776 1723 a
806 1675 970 1723 medio
1000 1691 1046 1723 v.
1074 1675 1142 1724 86
1177 1674 1487 1724 aberraverit
1514 1674 1578 1722 ad
1602 1689 1807 1738 sequen·

98 1749 200 1796 tem
247 1747 494 1811 huiusque
540 1749 751 1798 alteram
794 1753 989 1812 partem
1027 1749 1104 1798 bis
1143 1749 1411 1812 scripserit.
1481 1750 1655 1812 itaque
1695 1766 1807 1799 eum

98 1836 298 1871 versum
322 1838 422 1871 non
443 1822 771 1884 abiciendum,
795 1824 881 1872 sed
899 1823 1147 1873 mordicus
1163 1824 1477 1872 retinendum
1495 1839 1599 1872 esse
1617 1839 1805 1874 cense0.

100 1896 402 1945 sententiam
442 1900 610 1946 autem
649 1898 787 1947 cuius
818 1898 1013 1948 librarii
1044 1893 1095 1948 Μ
1126 1898 1277 1962 culpa
1309 1898 1565 1947 amisimus
1596 1901 1808 1961 partem,

99 1971 256 2020 talem
293 1971 396 2020 fere
435 1972 587 2021 fuisse
625 1972 868 2035 suspicor:
915 1970 1036 2038 <sed
1073 1974 1193 2034 quid
1230 1977 1339 2030 tua,
1390 1972 1598 2030 Gallice,
1637 1970 1808 2038 facta>

98 2046 319 2095 attollam
350 2050 520 2095 cantu:
546 2049 729 2109 qaudet
760 2047 1161 2109 Thrasymennus
1193 2052 1236 2095 et
1265 2044 1421 2109 Aspes
1452 2063 1551 2110 eqS.

179 2119 266 2170 sed
283 2137 383 2183 qua
399 2123 592 2170 ratione
610 2121 941 2185 explicabitur
956 2122 1226 2172 difficultas
1236 2120 1262 2169 Ῥ
1291 2122 1435 2170 illum
1449 2138 1646 2171 versum
1659 2137 1806 2186 prop-

104 2197 184 2244 tor
206 2196 419 2244 similem
444 2197 699 2259 sequentis
723 2213 895 2246 versus
920 2197 1108 2246 exitum
1125 2200 1175 2246 et
1190 2196 1337 2246 facile
1354 2196 1576 2260 potuisse
1594 2197 1762 2245 omitti
1779 2213 1809 2245 a

101 2267 324 2319 librariis
362 2271 414 2318 in
455 2271 723 2334 propatulo
762 2275 839 2320 est
878 2275 929 2320 et
965 2271 1276 2320 desideratur
1314 2271 1367 2320 in
1406 2271 1548 2320 libris
1587 2265 1763 2321 UGHI.
1768 2264 1808 2332 ²)

0 2327 4 2351 ὲ
103 2358 232 2407 quae
264 2358 374 2392 cum
399 2345 474 2393 ita
496 2345 612 2408 sint,
643 2346 768 2395 nihil
792 2349 949 2395 restat
972 2346 1069 2395 nisi
1092 2349 1150 2395 ut
1173 2345 1474 2395 coniciamus
1498 2345 1809 2395 Politianum

0 2420 2 2442 '
103 2420 155 2466 et
185 2420 351 2482 ipsum
383 2434 529 2468 usum
554 2435 659 2470 esse
683 2421 972 2487 apographo
999 2421 1304 2470 Matritensis
1329 2420 1512 2469 codicis
1536 2421 1654 2469 huic
1678 2419 1808 2468 libro

102 2493 372 2542 simillimo,
430 2494 560 2557 quod
593 2494 636 2544 si
669 2496 782 2559 quis
814 2512 913 2545 non
946 2494 1234 2559 probaverit
1257 2497 1575 2558 tenueritque
1600 2495 1809 2543 eundem

104 2581 209 2617 esse
241 2567 458 2617 codicem
485 2568 794 2635 Poggianum
819 2573 868 2619 et
892 2564 940 2619 Μ
965 2597 1039 2604 -
1062 2570 1114 2618 id
1139 2569 1275 2633 quod
1297 2570 1502 2619 minime
1526 2569 1708 2619 suadeo
1737 2595 1807 2603 —

102 2640 148 2690 is
162 2657 385 2691 summae
403 2647 584 2708 arguet
599 2643 944 2709 neglegentiae
957 2644 1280 2706 Politianum,
1298 2644 1384 2707 qui
1402 2660 1599 2694 versum
1613 2644 1637 2692 Ι
1648 2646 1698 2706 4,
1714 2643 1810 2693 86·

103 2715 158 2765 in
188 2731 278 2766 suo
310 2718 578 2781 exemplari
611 2718 851 2783 scriptum
884 2719 1052 2769 deesse
1085 2718 1406 2769 contenderit.
1463 2718 1548 2767 sed
1581 2718 1683 2767 sive
1715 2718 1808 2767 hoc

182 2893 223 2942 1)
264 2889 466 2958 margini
499 2890 764 2947 adscriptus
796 2892 870 2935 est
900 2890 947 2935 in
981 2890 1144 2936 codice
1175 2895 1235 2935 B:
1276 2890 1400 2935 unde
1432 2890 1480 2935 in
1514 2904 1547 2950 ρ
1580 2889 1640 2935 ab
1672 2888 1808 2935 initio

106 2958 213 2992 eum
246 2948 468 2994 omissum
502 2964 601 2995 esse
633 2949 900 2995 coniecerit.
