2034 3126
33 2829 50 2872 0

694 79 1009 125 SILVARUM
1039 80 1088 125 L.
1114 79 1171 137 V,
1198 86 1220 124 1
1701 81 1808 135 139

103 216 363 287 Odrysius
402 220 548 270 vates
586 220 778 286 positis
819 216 886 270 ad
924 216 1211 286 Strymona
1248 219 1464 287 plectris

103 292 385 361 obstupuit
421 294 733 360 tristemque
770 309 964 361 rogum
1003 295 1116 353 sine
1155 295 1386 345 carmine
1425 292 1584 346 flevit.

103 367 197 419 ille
234 369 395 419 etiam
433 368 599 418 erecte
638 369 871 435 rupisset
908 369 1149 436 tempora
1178 370 1338 433 vitae,
1723 379 1810 420 205

104 459 172 492 ne
210 444 271 492 tu
308 439 620 492 Tartareum
658 439 816 492 chaos
856 444 1167 493 incomitata
1206 441 1431 509 subires,

105 514 197 567 sed
235 514 483 584 prohibet
519 532 668 567 mens
706 514 814 567 fida
852 515 973 567 duci
1013 515 1372 585 servandaque
1412 519 1572 569 sacris

104 591 342 658 imperiis
383 592 435 641 et
473 591 643 642 maior
681 607 843 642 amor.

1091 667 1209 733 quis
1252 667 1482 718 carmine
1523 665 1687 735 digno

105 740 355 806 exequias
395 740 447 789 et
486 737 625 791 dona
661 739 831 790 malae
870 739 1056 791 feralia
1093 757 1319 808 pompae

105 812 381 881 perlegat?
442 830 598 864 omne
635 813 749 865 illic
789 815 1046 881 stipatum
1085 817 1323 866 examine
1362 814 1527 883 longo
1726 825 1812 866 210

104 905 198 938 ver
235 885 475 939 Arabum
514 884 845 956 Cilicumque
885 886 1005 939 fluit
1043 886 1304 957 floresque
1344 886 1532 941 Sabaei
1683 885 1686 888 ⁴

104 959 464 1030 Indorumque
502 979 687 1014 arsura
726 979 874 1031 seges
915 965 1295 1031 praereptaque
1335 964 1549 1032 templis

105 1038 248 1103 tura,
286 1034 576 1088 Palaestini
616 1037 776 1088 simul
814 1035 1147 1106 Hebraeique
1185 1038 1418 1106 liquores

106 1107 464 1179 Coryciaeque
502 1128 682 1163 comae
722 1108 1052 1180 Cinyreaque
1090 1115 1356 1180 germina3
1397 1114 1449 1164 et
1487 1113 1609 1164 altis

104 1187 223 1253 ipsa
260 1187 394 1237 toris
434 1183 623 1238 Serum
660 1184 928 1255 Tyrioque
969 1185 1214 1239 umbrata
1252 1186 1514 1239 recumbit
1725 1198 1812 1240 215

105 1262 355 1328 tegmine.
417 1259 508 1312 sed
545 1262 661 1312 toto
701 1263 971 1329 spectatur
1006 1263 1066 1314 in
1105 1264 1316 1331 agmine
1356 1264 1589 1314 coniunx

106 1334 279 1401 solus3
316 1337 374 1386 in
411 1334 554 1387 hunc
591 1352 817 1404 magnae
855 1334 1142 1388 flectuntur
1179 1336 1385 1388 lumina
1423 1334 1623 1388 Romae

106 1426 203 1460 ceu
240 1411 456 1461 iuvenes
494 1411 650 1462 natos
691 1428 938 1478 suprema
976 1410 1042 1461 ad
1080 1409 1238 1462 busta
1275 1410 1552 1463 ferentem:

106 1485 153 1535 is
193 1482 347 1536 dolor
383 1486 442 1536 in
479 1484 655 1551 vultu,
695 1487 907 1536 tantum
945 1487 1220 1553 crinesque
1259 1502 1531 1554 genaeque

106 1560 280 1610 noctis
320 1557 532 1611 habent.
592 1559 743 1611 illam
780 1560 1073 1628 tranquillo
1114 1559 1219 1611 fine
1260 1560 1490 1612 solutam
1727 1571 1816 1612 220

106 1632 420 1702 felicemque
457 1636 670 1700 vocant,
709 1634 953 1686 lacrimas
994 1634 1174 1686 fudere
1213 1636 1420 1686 marito,

221 1710 302 1759 est
339 1708 511 1775 locus,
550 1711 673 1760 ante
711 1708 896 1761 urbem
936 1726 1041 1777 qua
1079 1712 1312 1778 primum
1350 1711 1587 1760 nascitur
1625 1711 1815 1778 ingens

109 1778 290 1850 Appia
328 1799 537 1851 quaque
574 1781 713 1835 Italo
751 1786 982 1852 gemitus
1023 1781 1253 1836 Almone
1294 1781 1505 1851 Cybebe

109 1859 265 1924 ponit
303 1860 356 1908 et
393 1855 578 1910 Idaeos
617 1861 724 1910 iam
762 1875 874 1910 non
911 1861 1271 1910 reminiscitur
1309 1861 1494 1910 amniS.

107 1930 196 1983 hic
233 1934 286 1983 te
326 1930 547 1985 Sidonio
586 1933 814 1985 velatam
852 1933 1087 1986 molliter
1126 1935 1272 1985 ostro
1729 1943 1816 1984 225

229 2084 304 2119 m
336 2077 570 2135 erecteslsss
597 2079 812 2135 (pr-imum
845 2091 870 2123 e
900 2092 1046 2135 supra
1069 2093 1108 2131 υ,
1135 2078 1224 2131 1¹3
1256 2082 1363 2123 ante
1395 2091 1607 2123 rasuram
1639 2077 1820 2123 videtum

107 2137 254 2191 fuisse
278 2138 322 2180 -t
343 2137 411 2182 vel
433 2140 492 2192 -r)
517 2136 593 2193 (cf.
604 2138 825 2194 Imhofiue
850 2141 970 2183 1885
1029 2140 1097 2192 ,7,
1121 2138 1335 2193 Schaefer
1351 2140 1474 2183 1886
1482 2152 1530 2195 p.
1542 2139 1617 2191 45,
1643 2138 1818 2183 Adria-

111 2209 202 2241 nus
241 2198 364 2241 1893
400 2210 446 2253 p.
470 2198 572 2250 22):
613 2195 791 2241 fractae
830 2153 1051 2252 Imhofisss
1086 2200 1206 2242 1859
1228 2211 1278 2255 p.
1304 2200 1384 2241 20:
1426 2200 1611 2253 spretae
1644 2198 1818 2254 Appel-

111 2269 313 2301 mannue
343 2259 469 2300 1872
493 2271 542 2314 p.
566 2259 667 2313 24):
699 2256 961 2302 immeritae
993 2257 1211 2315 Saenyer:
1245 2255 1455 2312 reliquae
1484 2256 1663 2302 Polster
1695 2260 1820 2302 1890

104 2318 246 2374 p.17:
272 2314 451 2360 eiectae
469 2316 757 2362 Cartaultius
780 2320 898 2362 1904
916 2319 1071 2375 11528
1161 2324 1235 2360 207
1256 2315 1341 2361 Sec
1435 2315 1543 2360 duci
1567 2317 1651 2373 (sic
1666 2317 1761 2362 iam
1778 2319 1817 2373 ο)

112 2374 435 2431 servandaque
467 2376 716 2422 Barthiue:
749 2375 882 2420 ducis
910 2375 1218 2433 mirandaque
1244 2376 1365 2433 quod
1389 2375 1594 2431 defendit
1625 2376 1820 2422 Vollmer

112 2434 259 2495 saeris
290 2434 502 2493 imperii·
526 2450 615 2494 pro
647 2436 918 2493 imperatore
948 2437 1120 2482 dietum
1150 2441 1283 2481 ratus
1291 2453 1307 2490 ;
1342 2434 1589 2492 imperium
1615 2450 1704 2493 pro
1736 2437 1818 2480 im·

105 2499 318 2553 peratore
356 2494 452 2540 dici
485 2509 615 2553 posse
646 2497 937 2552 manifestum
970 2501 1034 2542 est
1064 2495 1140 2554 (cf.
1165 2509 1199 2540 e.
1224 2509 1266 2552 9.
1295 2496 1466 2554 Paney.
1503 2495 1574 2541 VI
1593 2500 1617 2540 1
1637 2509 1687 2552 p.
1714 2498 1820 2551 148,

111 2555 178 2602 22
191 2554 295 2611 Be),
317 2555 396 2600 sed
418 2554 473 2599 de
485 2555 669 2613 plurali
683 2555 842 2601 dubito
933 2564 1000 2599 811
1018 2554 1318 2611 ciliciumque
1409 2563 1481 2598 218
1498 2553 1756 2599 Palaestini
1774 2569 1819 2600 ex

112 2611 412 2671 palaestini„
454 2615 726 2661 Palaestina
763 2615 929 2673 templa
954 2629 1127 2672 parum
1157 2614 1384 2661 commode
1413 2620 1822 2661 commemorantur

113 2687 196 2719 nec
232 2674 388 2719 minus
427 2674 702 2720 incommode
742 2674 1003 2721 Palaestini
1039 2674 1098 2720 ab
1137 2674 1362 2720 Hebraeis
1400 2679 1691 2731 separantur.
1733 2673 1820 2719 Pa—

114 2730 304 2778 laestini
336 2739 486 2779 autem
515 2732 811 2804 Hebraeique
841 2733 1047 2791 liquores
1077 2735 1425 2792 conizmywntur
1453 2735 1574 2779 sicut
1596 2731 1820 2790 Coryciae

114 2804 277 2838 eomae
307 2798 348 2838 et
380 2791 580 2850 Cinyrea
610 2806 825 2852 germina
913 2802 985 2838 214
1018 2792 1333 2851 Coryciaeque
1359 2808 1406 2843 ς;
1442 2791 1748 2850 Corsciaeque
1771 2795 1821 2839 et

114 2849 247 2897 altis:
265 2854 317 2898 at
332 2851 442 2897 altis
463 2852 743 2903 Gronovius:
761 2852 950 2899 Orontis
967 2854 1166 2912 Saenqer
1256 2861 1326 2897 2ιό
1337 2851 1498 2897 Serum
1518 2867 1565 2903 ςε
1585 2851 1758 2898 serium

43 2923 58 2933 ··
121 2918 198 2956 υ.
228 2910 392 2957 Noctis
425 2919 556 2959 recte:
590 2912 740 2958 sordis
776 2914 1089 2959 Marklandus

28 2973 52 3005 k«

27 3020 61 3126 i
