2034 3126
256 67 324 120 78
861 66 1143 111 P.PAP1N1
1173 66 1350 111 εΤΑΤΙ

251 222 348 257 nec
387 204 521 256 mihi
557 205 679 273 plus
718 202 919 257 Nemea
956 208 1293 274 priscumque
1331 205 1659 257 habitabitur
1697 205 1872 276 Argos

250 297 347 331 nec
386 279 624 331 Tiburna
663 278 848 331 domus
891 281 1123 348 solisque
1163 279 1358 332 cubilia
1397 279 1600 332 Gades?

253 357 328 406 sic
367 356 462 422 ait}
504 356 555 406 et
593 357 817 422 tangens
860 357 1163 423 surgentem
1202 354 1456 406 altaribus
1495 357 1676 423 ignem

250 429 584 497 populeaque
622 446 838 481 movens
880 429 1112 481 albentia
1150 431 1389 497 tempora
1429 430 1562 481 silva
1867 444 1950 485 185

253 505 304 554 et
345 501 512 572 Styga
552 506 603 554 et
643 503 862 555 aetherii
899 505 1096 555 iuravit
1133 503 1360 555 fulmina
1396 506 1579 572 patriS.

1071 696 1138 750 11.

603 811 1075 857 PROPEMPTICON
1106 812 1336 858 MAECIO
1371 812 1600 858 CELERI.

367 920 476 989 ‘Di,
517 921 709 990 quibus
750 921 968 973 audaces
1011 939 1158 973 amor
1197 923 1276 973 est
1316 940 1519 974 servare
1560 926 1762 975 carinas

255 1013 512 1064 saevaque
550 998 759 1048 ventosi
797 997 1025 1048 mulcere
1063 997 1299 1064 pericula
1335 999 1511 1065 ponti,

253 1073 471 1123 sternite
509 1071 671 1123 molle
709 1070 904 1122 fretum
942 1070 1314 1139 placidumque
1353 1070 1607 1124 advertite
1645 1075 1783 1125 votis

255 1146 560 1213 concilium,
602 1148 654 1197 et
691 1146 825 1198 lenis
864 1163 976 1197 non
1015 1145 1287 1214 obstrepat
1324 1146 1468 1198 unda
1504 1149 1755 1214 precanti.

252 1220 452 1289 grande
490 1222 583 1273 tuo
624 1238 906 1289 rarumque
947 1220 1152 1288 damuS,
1191 1218 1462 1289 Neptune,
1500 1221 1766 1289 profundo
1927 1236 1952 1276 5

255 1295 568 1364 depositum.
630 1297 836 1347 iuvenis
879 1294 1039 1347 dubio
1082 1297 1431 1347 committitur
1469 1296 1578 1349 alto
1630 1327 1632 1329 ·

250 1368 483 1422 Maecius
524 1372 682 1438 atque
721 1373 927 1422 animae
965 1372 1171 1438 partem
1211 1388 1368 1438 super
1406 1388 1635 1439 aequora
1671 1374 1884 1424 nostrae

251 1447 505 1497 maiorem
543 1444 827 1497 transferre
865 1447 1031 1513 parat.
1093 1445 1324 1513 proferte
1362 1445 1595 1514 benigna

254 1519 424 1572 sidera
463 1522 515 1571 et
554 1521 829 1571 antemnae
868 1522 1080 1588 gemino
1122 1519 1379 1572 considite
1419 1538 1603 1589 cornu,

253 1592 460 1646 Oebalii
497 1594 707 1662 fratres3
747 1594 898 1647 vobis
937 1595 1240 1662 pontusque
1277 1595 1539 1664 polusque
1898 1610 1954 1652 10

251 1670 445 1737 luceat;
484 1667 676 1720 Iliacae
715 1670 875 1738 longe
913 1668 1159 1721 nimbosa
1197 1673 1392 1722 sororis

253 1746 394 1796 astra
431 1744 636 1812 fugate,
675 1761 880 1812 precor,
921 1746 1140 1812 totoque
1180 1744 1439 1796 excludite
1479 1745 1636 1798 caelo.

252 1837 345 1871 vos
387 1835 597 1887 quoque
637 1819 935 1870 caeruleum
972 1821 1147 1887 ponti,
1187 1817 1438 1871 Nereides
1448 1861 1461 1888 ,
1503 1837 1714 1889 agmen,

253 1896 370 1962 quis
410 1893 584 1946 honor
623 1895 674 1945 et
712 1896 864 1962 regni
905 1895 1061 1945 cessit
1099 1893 1315 1945 fortuna
1355 1894 1570 1946 secundi

253 1998 324 2003 —
359 1967 529 2020 dicere
568 1985 702 2036 quae
738 1971 922 2036 magni
960 1968 1039 2019 fas
1082 1970 1151 2020 sit
1189 1968 1322 2020 mihi
1362 1969 1533 2022 sidera
1569 1972 1724 2038 ponti
1755 2001 1841 2040 —,
1899 1983 1952 2023 15

253 2045 455 2112 surgite
495 2042 557 2094 de
595 2045 776 2094 vitreis
818 2060 1097 2111 spumosae
1134 2041 1363 2096 Doridos
1405 2046 1570 2096 antris

251 2117 586 2186 Baianosque
627 2120 774 2170 sinus
816 2120 867 2169 et
905 2117 1014 2169 feta
1050 2118 1352 2186 tepentibus
1393 2118 1548 2171 undis

251 2192 413 2244 litora
450 2193 742 2261 tranquillo
784 2194 1024 2244 certatim
1064 2192 1258 2244 ambite
1295 2195 1504 2262 natatu,

254 2269 560 2336 quaerentes
601 2267 694 2319 ubi
735 2268 872 2319 celsa
909 2270 1062 2335 ratiS,
1103 2285 1262 2336 quam
1302 2268 1546 2320 scandere
1584 2268 1781 2337 gaudet

371 2435 443 2470 182
473 2427 652 2472 Nemea
684 2428 900 2473 Klotzius
930 2429 1003 2485 (cf.
1031 2429 1094 2473 ad
1123 2443 1163 2473 v.
1189 2430 1314 2486 143):
1347 2442 1509 2473 nemee
1629 2429 1951 2486 priscumque:

253 2501 326 2531 —ve
362 2488 676 2532 Marklandus
825 2487 975 2544 Argos
1009 2503 1056 2538 ςε
1091 2502 1230 2545 argus
1373 2497 1446 2532 188
1478 2488 1668 2532 tiburna
1698 2503 1741 2532 m
1771 2490 1953 2546 repetiit

254 2562 307 2591 m
338 2561 429 2651 mqu.
457 2622 792 2651 PROPEMPTICON
822 2622 958 2651 Macro
993 2623 1151 2651 canum
1241 2612 1269 2651 4
1299 2607 1418 2652 lenis
1445 2623 1491 2657 ςε
1524 2607 1641 2652 levis
1734 2617 1753 2650 7
1778 2607 1951 2652 Metius

254 2668 291 2722 (t
329 2680 384 2711 ex
415 2681 440 2711 c
471 2666 554 2724 Ml)
705 2674 753 2709 10
793 2665 977 2710 Oebalii
1018 2682 1065 2717 ςε
1107 2666 1263 2711 Obalii
1413 2676 1461 2711 12
1499 2669 1713 2725 totoque:
1753 2669 1951 2725 tutoque

254 2727 491 2771 Baehrens
579 2734 626 2769 18
646 2725 801 2782 ponti:
825 2725 994 2770 Phorci
1012 2727 1272 2772 Krohnius:
1301 2726 1437 2771 divae
1456 2742 1503 2776 ςε
1529 2726 1664 2771 fundi
1679 2728 1748 2771 vel
1764 2729 1952 2772 centum

254 2787 308 2830 ci.
335 2785 534 2844 Saenyer
652 2794 700 2829 15
731 2799 874 2842 quae:
907 2800 1023 2842 quas
1055 2787 1281 2832 Heinsius
1392 2796 1436 2830 17
1470 2786 1618 2831 foeta:
1651 2786 1751 2830 fota
1790 2788 1953 2833 Wake-

253 2846 454 2900 fieldius:
480 2845 652 2890 anhela
670 2845 869 2903 Saenyer
893 2847 1030 2902 (quod
1054 2847 1116 2891 ad
1132 2852 1324 2903 tepentes
1339 2848 1492 2891 wndas
1508 2848 1659 2891 minus
1675 2847 1891 2904 quadrat)

253 2914 299 2948 1⁹
331 2919 474 2961 quam
505 2906 755 2950 Heinsius:
788 2919 882 2960 qua
