2034 3126
705 85 1012 130 SILVARUM
1047 85 1096 129 L.
1123 86 1155 130 I.
1182 91 1208 129 4
1734 84 1805 137 25

104 245 265 296 (1110111
306 228 466 278 struis
506 243 628 277 orsa
664 224 835 277 modis
877 243 968 276 seu
1008 242 1170 293 quom
1209 222 1308 275 tibi
1348 223 1516 276 dulcis
1551 226 1609 275 in
1642 226 1805 275 artem

104 302 370 371 frangitur
409 303 461 352 et
497 301 682 352 nostra
721 301 870 351 curat
907 298 1155 351 facundia
1193 299 1351 367 leges.
1749 310 1806 348 30

104 394 265 444 quare
304 393 423 444 age,
463 376 508 426 si
540 371 716 426 Cereri
749 391 845 425 sua
883 372 1023 425 dona
1059 391 1367 441 merumque
1407 371 1581 459 Lyaeo

104 450 368 502 reddimus
409 452 462 501 et
499 448 643 500 dives
682 447 905 516 praedae
944 450 1121 500 tamen
1161 450 1353 516 accipit
1392 450 1538 499 omni

104 527 318 577 exuvias
357 522 531 576 Diana
568 523 719 575 tholo
760 525 1073 591 captivaque
1111 523 1220 574 tela

103 599 453 668 Bellipotens:
492 616 588 650 nec
626 599 709 664 tn,
749 596 961 666 quando
1002 596 1123 664 tibi,
1164 595 1386 664 Gallice,
1426 599 1595 649 maius

104 675 397 743 eloquium,
434 672 686 741 fandique
726 671 916 741 opibus
960 671 1201 723 sublimis
1242 670 1501 739 abundaS,
1751 684 1806 722 35

0 800 3 801 γ
104 766 291 817 sperne
330 748 434 800 coli
472 750 713 799 tenuiore
750 748 880 815 lyra.
943 764 1079 815 vaga
1118 749 1353 815 cingitur
1391 748 1546 799 astris

0 882 4 893 .
106 824 254 889 luna,
294 825 347 874 et
382 825 441 874 in
479 839 735 874 oceanum
773 824 874 873 rivi
914 820 1143 873 cecidere
1180 824 1426 873 minores.

4 960 9 961 ⁷
216 915 349 966 quae
388 896 488 949 tibi
528 897 790 949 sollicitus
830 896 1089 965 persolvit
1125 898 1360 964 praemia
1397 914 1606 948 morum

103 970 264 1025 Urbis
313 972 483 1023 amor!
545 989 680 1040 quae
725 973 840 1022 tum
886 972 1204 1040 patrumque
1244 973 1586 1039 equitumque
1626 975 1807 1024 notavi

104 1048 308 1099 lumina
345 1048 398 1098 et
434 1048 651 1115 ignarae
690 1044 860 1114 plebis
902 1047 1084 1114 lugere
1122 1045 1403 1113 potentes?
1750 1059 1806 1098 40

0 1130 17 1180 :⁹-
104 1139 214 1174 non
252 1120 462 1173 labente
501 1118 682 1173 Numa
719 1122 901 1172 timuit
940 1123 1015 1172 sic
1055 1117 1216 1172 Curia
1253 1120 1379 1172 felix

2 1227 18 1266 2
104 1195 357 1265 Pompeio
396 1213 492 1248 nec
531 1196 701 1248 celsus
742 1213 900 1264 eques
938 1213 1036 1247 nec
1074 1195 1272 1247 femina
1309 1194 1492 1247 Bruto.

102 1270 202 1323 hoc
239 1269 397 1322 illud:
436 1273 605 1322 tristis
644 1272 874 1322 invitum
913 1269 1092 1321 audire
1132 1271 1363 1337 catenaS,

104 1363 316 1414 parcere
354 1344 658 1397 verberibus
697 1362 794 1396 nec
834 1362 939 1413 qua
976 1344 1125 1396 iubet
1156 1345 1265 1396 alta
1302 1346 1537 1413 potestas

4 1430 7 1436 '
103 1423 201 1486 ire,
242 1419 332 1472 sed
371 1422 598 1472 armatas
637 1420 868 1471 multum
909 1418 1011 1471 sibi
1050 1419 1255 1471 demere
1293 1422 1429 1471 vires
1752 1432 1806 1471 45

103 1494 418 1564 dignarique
455 1513 643 1546 manus
682 1494 900 1546 humilis
941 1496 994 1546 et
1032 1493 1192 1546 verba
1228 1496 1561 1563 precantum,

102 1568 315 1622 reddere
354 1572 471 1621 iura
507 1569 625 1622 foro
664 1587 762 1621 nec
799 1568 1112 1638 proturbare
1152 1570 1358 1621 curules

101 1646 153 1696 et
191 1644 390 1696 ferrum
429 1645 656 1696 mulcere
695 1646 836 1713 toga.
900 1646 975 1696 sic
1012 1646 1122 1695 itur
1160 1647 1219 1695 in
1257 1644 1366 1695 alta

102 1722 337 1788 pectora,
377 1721 453 1771 sic
491 1721 658 1771 mixto
697 1721 990 1771 reverentia
1026 1718 1150 1770 fidit
1189 1721 1371 1771 amori.

102 1796 221 1863 ipsa
258 1796 418 1846 etiam
456 1796 674 1846 cunctos
713 1796 892 1863 gravis
930 1794 1270 1845 inclementia
1307 1793 1404 1845 fati
1751 1805 1807 1845 50

103 1870 294 1921 terruit
332 1871 384 1921 et
423 1867 587 1920 subiti
625 1886 873 1937 praeceps
911 1869 1143 1920 iuvenile
1182 1869 1390 1937 pericli,

102 1943 181 1995 nil
221 1945 502 1996 cunctante
538 1944 696 1996 malo,
755 1960 869 1995 non
905 1942 1043 1995 illud
1081 1943 1239 2012 culpa
1277 1945 1514 1995 senectae

104 2047 173 2054 —
206 2020 405 2087 quippe
445 2036 506 2070 ea
541 2017 767 2079 bissenis
806 2017 1024 2070 vixdum
1063 2036 1185 2070 orsa
1222 2017 1465 2070 excedere
1503 2018 1687 2069 lustris
1723 2049 1808 2085 —,

103 2091 193 2145 sed
232 2092 384 2145 labor
421 2091 701 2145 intendens
741 2095 1010 2162 animique
1047 2095 1105 2144 in
1144 2091 1380 2145 membra
1418 2094 1648 2162 vigentis

222 2336 272 2372 n
303 2342 446 2399 quom
477 2326 621 2373 struis
652 2342 696 2372 o:
730 2326 814 2373 Cui
843 2326 1005 2372 struis.
1040 2327 1282 2374 Cnostruis
1306 2343 1349 2372 111
1372 2328 1478 2387 (6611
1501 2342 1545 2371 111
1567 2328 1620 2373 in
1642 2330 1748 2386 my.)

103 2401 246 2447 quom
275 2402 319 2432 n
351 2390 402 2433 in
432 2402 541 2455 my:
574 2401 717 2445 quam
839 2387 1071 2433 construis
1136 2425 1144 2433 .
1173 2387 1305 2433 sive
1337 2387 1460 2433 hanc
1491 2387 1691 2447 Saenyer

7 2454 9 2470 1
105 2459 209 2503 sen,
246 2461 342 2506 qua
377 2446 468 2492 tibi
501 2402 659 2502 dulce,
692 2450 882 2492 senatus
914 2446 967 2492 fr.
995 2448 1328 2494 Phillimorius
1362 2452 1412 2493 at
1441 2447 1496 2493 de
1526 2448 1810 2494 carminibus

103 2482 277 2613 Ἄίξκν
411 2516 581 2552 artem:
622 2509 776 2552 artum
809 2508 1037 2553 Bar-thius
1186 2516 1235 2551 u
1268 2507 1476 2564 quando·
1513 2520 1806 2575 ‘quamquam

157 2580 334 2613 emaus
362 2573 403 2612 et
435 2567 676 2613 Bentleiue
779 2574 827 2611 82
861 2566 948 2612 rivi
980 2566 1067 2612 1¹:
1099 2566 1206 2612 rivii
1310 2575 1361 2611 40
1390 2565 1611 2612 Lumina:
1643 2565 1810 2611 nubila

31 2659 41 2667 f
107 2625 448 2673 Cornelianus
479 2630 600 2672 1877
624 2641 674 2684 p.
699 2630 798 2672 280
916 2636 962 2671 41
994 2626 1155 2672 timuit
1185 2626 1254 2672 316
1286 2625 1417 2672 curia
1447 2626 1583 2672 felix.
1625 2625 1810 2671 maduit

106 2685 299 2743 (tumuit
329 2689 373 2743 ς)
406 2685 475 2731 316
506 2685 637 2731 curia
667 2684 780 2731 fletu
813 2686 1042 2732 Heinsius
1151 2695 1199 2731 44
1231 2685 1503 2732 verberibus
1536 2686 1748 2743 (alterum
1778 2685 1809 2730 b

29 2749 43 2765 ⁸
103 2758 163 2791 2oe
190 2744 215 2790 l’
238 2746 359 2792 inter
387 2745 638 2796 ser-ib.1¹)
727 2754 778 2790 43
810 2745 891 2791 sed
922 2744 1086 2803 1’‹?)·
1121 2759 1197 2791 sec
1289 2755 1338 2790 4ο
1368 2745 1517 2791 mixto
1547 2744 1811 2791 reverentia

31 2830 36 2840 ·
105 2803 211 2850 fidit
240 2805 410 2851 amori:
443 2820 504 2851 m
530 2820 565 2850 1.
591 2804 699 2850 fidit
719 2818 877 2851 amore
902 2806 1164 2852 Krohnius·
1197 2821 1259 2851 m.
1283 2820 1319 2852 1.
1345 2805 1461 2873 sidit
1485 2818 1642 2851 amore
1667 2806 1808 2851 Bent-

31 2912 38 2930 ‚
106 2864 295 2911 leuem.
313 2879 349 2911 r.
367 2864 497 2911 flevit
513 2878 671 2910 amore
688 2864 907 2924 Saenyer.
925 2863 1101 2911 iustor.
1120 2865 1248 2911 cedit
1265 2864 1413 2913 amori
1431 2865 1751 2914 Phineum-im

35 2986 43 2995 ι
104 2931 151 2972 ⁸1
181 2922 405 2973 iuvenile.
437 2923 642 2974 hiemale
673 2926 729 2973 ci.
755 2925 955 2988 Saenyer

0 3054 53 3126 „i
