2034 3126
750 158 1095 206 PRAEFATIO
1653 160 1778 207 LVII

73 304 203 353 idem
231 304 351 352 mih-i
379 294 659 368 remittaS.¹)
716 303 918 365 praeter
946 301 1037 351 hos
1068 301 1325 366 octoginta
1358 301 1493 351 locos
1524 302 1685 352 multa
1717 318 1776 351 ex

74 378 241 428 codice
278 376 536 442 Poggiano
582 375 745 439 petita
790 391 895 425 esse
940 375 1059 425 licet
1104 376 1245 424 nulla
1282 377 1404 425 nota
1443 375 1615 425 addita
1652 377 1777 426 mihi

72 466 364 516 persuasum
410 453 499 500 est,
569 466 686 499 nam
733 452 785 498 et
823 451 1019 499 exstant
1058 453 1207 499 notae
1246 465 1373 514 quae
1411 450 1512 500 nisi
1550 466 1609 499 ex
1645 451 1775 500 libro

74 526 291 590 quodam
319 526 504 574 hausta.
535 540 639 574 esse
670 540 771 574 non
798 529 1023 588 possunt,
1053 525 1212 573 veluti
1234 524 1325 573 ubi
1346 524 1554 574 lacunas
1577 525 1773 574 hiantes

72 604 123 650 ot
166 603 222 649 in
261 610 296 651 8
333 602 384 649 et
421 599 475 648 in
513 609 543 650 (3
581 598 862 649 Politianus
902 599 1140 662 explevit,
1189 600 1329 648 cuius
1367 600 1441 648 rei
1479 599 1581 647 iam
1621 615 1775 662 supra

8 734 9 737 Ἴ
73 675 352 738 exemplum
390 674 554 723 attuli.
616 675 877 737 praeterea
915 688 1028 722 cum
1062 674 1114 722 id
1145 674 1463 736 potissimum
1494 673 1775 723 Politianus

4 769 10 813 ,¹
72 750 231 815 egisse
261 748 511 811 videatur,
546 752 605 796 ut
633 747 916 796 Domitium
947 748 1240 812 corrigeret,
1271 747 1569 812 ubicumque
1601 750 1776 798 contra.

72 834 136 875 8ο
185 824 380 873 faciunt
423 825 597 884 notae,
650 838 763 871 eum
808 822 1060 886 exemplar
1107 822 1421 887 Poggianum
1467 822 1775 873 consuluisse

72 898 416 948 coniciendum
439 900 528 959 est,
551 897 671 947 licet
693 912 794 946 uno
817 897 897 946 vol
921 897 1080 946 altero
1104 900 1156 946 et
1177 899 1284 960 ipse
1301 897 1582 947 Politianus
1602 914 1775 947 verum

3 979 6 1039 ξ
72 972 240 1022 vidore
271 973 507 1036 potuerit.
570 987 696 1034 quos
727 971 863 1022 locos
894 972 997 1020 iam
1029 974 1288 1036 congestos
1319 987 1566 1035 propono:

116 1046 171 1095 *Ι
200 1048 357 1111 praef.
382 1048 439 1096 4:
470 1043 921 1096 PROHOEMIVM
942 1046 1036 1095 AD
1063 1045 1375 1095 STELLAM
1398 1057 1454 1096 a:
1478 1061 1572 1095 om.
1592 1056 1642 1097 (33
1664 1046 1773 1096 Sta-

3 1111 12 1181 ῥ
470 1123 569 1170 tius
596 1120 750 1262 {titillg
773 1115 939 1188 (ex-ae
969 1116 1033 1171 A:
1079 1120 1379 1170 STELLAE
1413 1115 1487 1189 M)
1519 1136 1609 1170 suo
1638 1122 1774 1171 salu-

0 1194 17 1237 ί
474 1199 568 1244 tem

207 1270 233 1318 Ι
268 1273 316 1331 1,
348 1272 443 1319 913
473 1285 596 1332 opus
627 1287 721 1319 om.
747 1280 833 1321 ao:
864 1270 975 1320 add.
1001 1266 1070 1321 A:
1100 1270 1254 1320 habet
1282 1265 1334 1321 M

312 1346 442 1395 1073
471 1345 646 1404 Letius
676 1354 763 1395 8(33
794 1345 949 1404 Lotus
977 1340 1076 1395 AM

200 1417 257 1468 *Ι
291 1421 322 1468 2
354 1421 441 1468 tit:
471 1420 847 1481 Epithalamicm
898 1422 954 1469 in
997 1419 1149 1469 Stella-
1193 1420 1343 1469 Poetci
1396 1420 1443 1468 ὥ·
1497 1418 1773 1469 Ῡίοῐεηύίῑῑᾶ

470 1493 615 1553 State
658 1496 872 1555 cbiuyem
918 1505 973 1545 83
1023 1491 1540 1544 EPITHALAMION
1587 1492 1772 1542 STEL-

471 1567 604 1617 LAE
627 1569 717 1617 ET
740 1568 1291 1618 VIOLANTHILLAE
1310 1579 1360 1619 (33
1379 1569 1774 1630 Epithalamium

470 1645 525 1692 in
569 1644 759 1693 stellam
797 1647 841 1693 et
877 1645 1107 1693 υᾰοῑὲτὶῑῑᾶ
1145 1639 1214 1693 A:
1261 1639 1775 1692 EPITHALAMION

470 1718 545 1766 IN
578 1717 888 1767 STELLAM
918 1718 1005 1766 ΕΤ
1036 1716 1548 1767 VIOLENTELAM
1576 1712 1628 1768 M

207 1791 232 1840 Ῑ
267 1794 316 1853 2,
348 1794 441 1841 223
471 1794 631 1842 mollis
661 1802 748 1843 ac:
779 1794 921 1842 violis
956 1788 1050 1843 AM

346 1868 438 1916 603
469 1871 724 1929 repserunt
759 1868 1050 1929 deprehenso
1081 1878 1136 1918 a:
1175 1884 1215 1916 r.
1240 1868 1474 1929 deprenso
1499 1877 1549 1917 (33
1587 1866 1772 1916 litteris

471 1942 500 1991 b
524 1944 575 1991 et
597 1958 631 1992 a
653 1943 1006 2006 suprascriptis
1023 1944 1296 2007 genuinum
1313 1943 1535 1992 ordinem
1551 1940 1775 1991 restituit

471 2012 542 2078 A:
574 2016 785 2066 eundem
816 2017 1014 2066 exhibet
1044 2012 1093 2067 M

348 2092 441 2140 633
464 2094 699 2154 profatus
729 2102 815 2143 ac:
836 2094 1074 2154 profatur
1103 2087 1201 2142 AM

314 2163 440 2215 *803
472 2167 647 2215 inermi
676 2175 764 2218 803
796 2169 941 2216 inerti
970 2162 1069 2218 AM

313 2238 440 2290 *89:
470 2241 698 2291 Praebusi
727 2250 815 2292 ac:
845 2241 1082 2292 Praebuxi
1110 2236 1209 2291 AM

165 2313 193 2363 1
226 2315 274 2376 2,
309 2316 439 2365 103:
469 2315 760 2377 Dompserat
787 2318 844 2366 in
875 2327 930 2367 83
960 2317 1172 2366 Dixerat
1202 2319 1245 2365 et
1268 2325 1318 2365 (33
1350 2315 1499 2365 Finis
1522 2319 1625 2365 erat
1648 2310 1770 2366 Am:

468 2389 616 2439 Emis
647 2394 754 2440 erat
780 2386 854 2441 M¹

310 2465 438 2514 105:
468 2466 606 2514 vultu
636 2474 723 2516 ac:
754 2466 942 2515 vultum
970 2460 1068 2516 AM

308 2539 436 2588 135:
467 2538 654 2589 Falsus
683 2549 770 2591 8(33
801 2541 987 2590 Falsus
1017 2536 1114 2591 AM
1146 2539 1430 2589 Priscianus

309 2615 438 2662 144:
468 2627 559 2663 vas
589 2624 644 2665 83
675 2618 776 2664 tam
808 2624 859 2666 c:
890 2618 993 2665 iam
1024 2610 1120 2666 AM

252 2683 257 2689 ’
310 2688 439 2738 1803
470 2688 727 2751 doctusque
749 2690 796 2739 ὦ
819 2700 874 2740 8.
896 2691 1070 2740 Dacus
1092 2703 1183 2752 que
1207 2692 1247 2738 et
1272 2698 1322 2739 (33
1347 2689 1590 2749 dacosque
1613 2691 1655 2737 et
1670 2681 1769 2738 AM

142 2816 186 2871 1)
217 2813 289 2860 vol
327 2814 438 2860 hinc
477 2815 776 2873 cognoscitur
806 2815 1094 2862 Politianum
1129 2829 1222 2861 non
1255 2815 1412 2860 omnia.
1442 2827 1563 2872 quae
1596 2814 1769 2859 discre-

67 2872 251 2932 pnbsnt
278 2874 404 2921 inter
434 2890 462 2919 ι
494 2878 542 2920 et
574 2878 612 2918 Δ
642 2875 918 2921 enotavisso

146 2935 191 2991 2)
222 2933 304 2979 ubi
337 2933 546 2980 Vollmer
574 2934 898 2981 testimonium
931 2934 989 2980 de
1022 2934 1182 2980 codice
1207 2934 1450 2993 Poggiano
1483 2932 1617 2989 vidit,
1649 2934 1770 2978 aste-

62 2991 239 3038 riscum
267 2994 519 3052 praeposui
549 2996 703 3040 notae.
