2034 3126
249 27 353 79 132
855 26 905 69 Ρ.
931 26 1136 70 ΡΑΡΙΝΙ
1168 26 1342 70 STATI

242 167 304 215 ut
342 165 426 215 vel
467 161 690 231 Apelleo
731 164 910 214 vultus
953 166 1163 231 signata
1202 164 1397 230 colore,
1919 176 1945 215 5

242 238 495 290 Phidiaca
532 239 617 289 vel
654 240 781 289 nata
819 255 981 288 manu
1019 237 1235 289 reddare
1275 237 1489 289 dolenti.

246 315 320 364 sic
360 312 563 369 auferre
602 315 748 380 rogis
789 311 1031 363 umbram
1071 313 1293 363 conatur
1332 314 1383 363 et
1420 315 1610 380 ingens

247 388 509 438 certamen
551 404 671 438 cum
708 384 880 438 Morte
920 388 1059 453 gerit
1098 403 1354 454 curasque
1392 386 1585 454 fatigat

247 460 506 512 artificum
547 464 710 528 inque
751 463 897 512 0111111
937 463 988 511 10
1029 463 1235 528 quaerit
1273 478 1447 512 amare
1484 461 1715 512 metallo.

248 535 338 587 sed
375 535 616 586 mortalis
655 534 850 601 honos,
893 535 1047 602 agilis
1090 552 1247 602 quem
1285 534 1469 586 dextra
1506 535 1726 586 laborat.
1893 546 1948 585 10

245 627 343 662 nos
383 608 505 676 tibi,
544 607 747 660 laudati
784 611 989 660 iuvenis
1030 612 1300 660 rarissima
1338 612 1591 676 coniunx,

246 685 411 752 longa
446 692 544 734 nec
585 682 869 735 obscurum
906 682 1086 734 finem'
1105 683 1280 734 latura
1318 686 1538 751 perenni

247 760 567 826 temptamus
601 757 722 809 dare
760 760 903 808 iusta
941 758 1076 824 lyra,
1116 757 1274 809 modo
1316 757 1495 809 dexter
1533 755 1731 826 Apollo

249 836 445 901 quique
484 834 630 883 venit
668 834 851 883 iuncto
890 831 1023 882 mihi
1063 849 1268 900 semper
1306 830 1560 900 Apolline
1601 830 1792 884 Caesar

251 909 469 959 annuat:
509 905 641 957 haut
679 907 784 965 alio
824 907 1012 957 melius
1055 906 1275 959 condere
1316 907 1572 975 sepulcrO.
1896 918 1950 957 15

364 999 477 1039 sera
517 979 730 1049 quidem
767 983 918 1032 tanto
960 982 1184 1032 struitur
1221 980 1481 1032 medicina
1519 981 1712 1048 dolori,

251 1057 417 1107 altera
456 1073 575 1107 cum
613 1055 842 1107 volucris
884 1053 1086 1106 Phoebi
1125 1057 1244 1107 rota
1281 1057 1527 1124 torqueat
1567 1074 1787 1123 annum:

255 1130 345 1182 sed
386 1147 505 1182 cum
543 1129 706 1198 plaga
743 1147 921 1181 recens
964 1131 1015 1180 et
1054 1129 1224 1181 adhuc
1263 1131 1322 1181 111
1359 1130 1576 1181 vulnere
1615 1133 1788 1198 primo

251 1208 410 1273 nigra
448 1204 658 1271 (10111118,
700 1207 817 1272 quis
858 1206 975 1254 tum
1005 1206 1222 1256 miseras
1264 1222 1500 1256 accessus
1540 1201 1622 1256 ad'
1646 1200 1796 1257 aures

255 1281 497 1347 coniugis
540 1278 748 1330 orbati?
809 1280 937 1329 111110
976 1276 1099 1329 flere
1140 1281 1190 1330 et
1232 1278 1465 1330 scindere
1504 1281 1674 1330 vestes
1899 1291 1956 1330 20

256 1357 308 1405 01
345 1354 573 1404 famulos
613 1353 810 1405 lassare
849 1370 1035 1421 greges
1077 1355 1129 1404 et
1166 1356 1374 1405 vincere
1412 1353 1658 1421 planctus

254 1427 490 1496 Fataque
529 1430 581 1479 et
617 1429 846 1479 iniustos
886 1426 1082 1478 rabidis
1121 1428 1334 1495 pulsare
1374 1429 1600 1496 querelis

257 1503 530 1555 caelicolas
572 1502 809 1554 solamen
847 1504 972 1553 erat.
1035 1502 1158 1554 licet
1194 1505 1310 1570 ipse
1348 1501 1598 1555 levandos

257 1577 323 1629 ad
360 1579 590 1646 gemitus
633 1577 779 1628 silvis
822 1578 1102 1628 comitatus
1145 1578 1196 1628 et
1235 1576 1478 1629 amnibus
1521 1575 1762 1645 Orpheus

258 1652 462 1703 adforet
501 1653 658 1719 atque
699 1653 870 1702 omnis
911 1653 1109 1718 pariter
1147 1653 1429 1703 matertera
1467 1654 1661 1718 vatem,
1905 1663 1959 1702 25

259 1729 431 1778 01111118
473 1723 790 1793 Apollineus
832 1727 1033 1793 tegeret
1071 1724 1371 1794 Bacchique
1411 1725 1674 1778 sacerdos:

380 1969 403 2002 0
427 1962 542 2004 nata
564 1960 651 2003 1²:
678 1962 808 2004 vata:
834 1974 939 2003 rasa
956 1959 1199 2005 Schrader:
1234 1959 1336 2003 viva
1351 1960 1551 2018 Saenyer
1678 1959 1963 2004 Phidiacave

262 2020 470 2063 animata
516 2033 660 2063 manu
697 2021 752 2064 ci.
779 2020 1117 2073 Phillimorius‚
1164 2019 1442 2063 Phidiacam
1480 2019 1556 2063 vel
1595 2021 1735 2064 nacta
1772 2033 1964 2063 manum

263 2080 526 2138 Postgatius
566 2081 686 2124 1905
722 2093 766 2136 p.
794 2083 904 2133 131,
944 2078 1229 2123 Phidiacave
1269 2081 1441 2123 novata
1480 2094 1621 2122 manu
1660 2085 1845 2136 uterque

261 2148 303 2182 11
336 2139 597 2183 rarissima:
632 2138 873 2182 carissima
906 2153 932 2187 ς
1046 2147 1090 2181 15
1123 2138 1247 2182 haud
1283 2154 1330 2188 ς;
1364 2141 1448 2182 aut
1556 2147 1600 2181 1⁷
1635 2139 1853 2182 volucris:
1887 2152 1966 2194 vo-

261 2199 438 2243 lucrem
473 2199 786 2243 Marklandus
917 2207 963 2241 19
994 2197 1165 2256 Nigra:
1200 2211 1343 2255 aegra
1374 2199 1599 2245 Heinsius
1727 2197 1832 2254 quis
1864 2199 1965 2241 tum

262 2258 456 2302 miseras
485 2295 492 2303 .
521 2292 529 2301 .
558 2294 566 2302 .
594 2259 654 2301 ad
687 2271 822 2302 aures
853 2258 1222 2303 Sandstroemius
1251 2261 1378 2302 1878
1402 2273 1453 2314 p.
1480 2261 1559 2303 32:
1598 2259 1798 2314 quaestu
1827 2257 1966 2301 mise-

261 2331 456 2374 ramque
483 2353 491 2361 .
521 2354 528 2361 .
558 2353 567 2361 .
594 2318 654 2360 ad
688 2331 868 2361 aurem:
903 2319 1072 2374 questu
1103 2317 1323 2361 miseram
1356 2318 1438 2374 qui
1457 2353 1464 2360 .
1486 2353 1495 2362 .
1517 2353 1524 2362 .
1543 2317 1604 2361 ad
1638 2332 1678 2362 a.
1708 2318 1966 2376 Macnayh·

263 2384 395 2422 tenus
433 2381 553 2421 1890
585 2392 635 2434 p.
662 2381 772 2421 136:
815 2377 919 2433 quis
959 2379 1061 2433 tum
1100 2377 1417 2420 miserandam
1442 2410 1452 2420 .
1481 2412 1490 2421 .
1517 2412 1526 2420 .
1554 2377 1614 2420 ad
1655 2390 1695 2420 a.
1723 2376 1967 2421 Adrianus

264 2441 386 2481 1893
410 2452 460 2493 p.
485 2441 565 2481 40:
599 2439 769 2492 questu
801 2437 969 2480 misero
1000 2436 1209 2492 hautque
1237 2471 1246 2480 .
1275 2473 1282 2481 .
1310 2471 1319 2480 .
1347 2437 1408 2480 ad
1441 2450 1481 2481 a.
1508 2437 1763 2481 Baehrens:
1797 2438 1966 2493 questu

263 2496 482 2540 miseram
515 2495 618 2551 quis
651 2497 764 2539 tunc
792 2532 800 2540 .
828 2531 836 2540 .
866 2531 873 2539 .
902 2496 963 2539 ad
997 2511 1037 2539 a.
1063 2498 1119 2540 ci.
1138 2497 1477 2540 Phillimorz'us:
1511 2498 1718 2540 maestus
1750 2495 1966 2540 vetitam-

265 2570 412 2612 que..
435 2591 443 2599 .
464 2556 524 2599 ad
558 2569 597 2599 a.
617 2557 671 2600 ci.
691 2556 909 2614 Saenyer:
943 2555 1255 2611 miseramque
1281 2558 1413 2599 atrox
1437 2557 1709 2600 Korschias:
1745 2556 1968 2599 traditam

266 2617 496 2660 lectionem
535 2616 622 2670 def.
648 2616 868 2670 Imhofias
891 2619 1020 2671 ’1859
1046 2630 1092 2671 p.
1122 2619 1178 2660 13
1210 2620 1251 2659 et
1291 2616 1485 2660 Vollmer
1516 2618 1639 2660 1893
1668 2629 1712 2671 p.
1740 2618 1854 2668 837,
1890 2616 1968 2676 sed

266 2676 380 2719 mihi
408 2676 613 2731 pluralis
654 2689 787 2718 aures
826 2677 1106 2719 necessarias
1142 2675 1346 2729 videtwr;
1386 2674 1494 2720 Silv.
1522 2675 1587 2718 II
1604 2678 1646 2730 1,
1672 2677 1701 2718 7
1733 2674 1967 2730 surdaque

268 2734 490 2778 averteris
530 2747 641 2778 aure
677 2736 936 2792 sinyularis
964 2740 1155 2790 propter
1185 2736 1395 2779 metricas
1423 2734 1625 2779 rationes
1775 2741 1824 2776 20
1855 2735 1968 2777 111110

268 2796 307 2849 (1
337 2794 528 2848 fortasse
560 2808 615 2837 eoe
646 2809 677 2836 n
709 2795 792 2848 Ml)
895 2803 939 2836 21
971 2793 1155 2837 vincere
1188 2793 1426 2849 planctus:
1459 2794 1643 2838 vincere
1675 2792 1869 2849 planctu
1900 2795 1970 2838 vel

270 2853 463 2910 iungere
494 2852 712 2909 planctus
745 2854 971 2897 Heinsius
1062 2860 1110 2896 22
1142 2852 1341 2898 1111118108
1373 2852 1460 2896 11²:
1494 2853 1543 2896 iu
1572 2852 1722 2897 iustos
