2034 3126
235 43 306 97 58
844 44 893 89 Ρ.
917 44 1124 89 ΡΑΡΙΝΙ
1155 44 1329 89 STATI

1050 210 1115 263 V.

818 325 934 369 LEO
969 325 1351 371 MANSUETUS.

348 432 486 495 Quid
524 434 624 485 tibi
662 435 958 486 monstrata
994 451 1356 486 mansuescere
1394 436 1598 503 profuit
1635 436 1750 488 ira‘?

235 507 363 576 quid
403 509 570 560 scelus
610 508 974 576 humanasque
1013 510 1189 560 animo
1231 508 1491 561 dediscere
1531 509 1709 563 caedes

231 585 618 650 imperiumque
656 584 771 650 pati
811 584 862 633 et
901 582 1114 634 domino
1154 601 1336 650 parere
1374 585 1605 636 minori?

235 657 383 725 quid,
425 656 567 725 quod
606 656 748 708 abire
789 656 943 708 domo
983 674 1271 725 rursusque
1308 661 1367 709 in
1406 659 1635 711 claustra
1672 661 1863 710 reverti

235 734 413 783 suetus
456 733 507 782 et
546 749 577 783 a
616 733 770 799 capta
806 734 913 782 iam
953 733 1141 799 sponte
1179 731 1414 784 recedere
1452 733 1646 800 praeda
1907 745 1932 784 5

234 807 564 873 insertasque
601 823 790 857 manus
830 806 950 857 laxo
993 805 1255 857 dimittere
1292 807 1510 859 morsu?

235 879 428 932 occidis
438 921 451 947 ‚
494 881 722 931 altarum
759 881 995 931 vastator
1034 878 1184 931 docte
1222 880 1473 949 ferarum,

231 972 343 1006 non
381 972 542 1023 grege
580 952 816 1022 Massylo
859 971 1120 1022 curvaque
1157 954 1408 1022 indagine
1449 957 1657 1008 clausus
1668 997 1681 1023 ,

232 1047 344 1081 non
382 1028 665 1080 formidato
707 1046 867 1097 supra
904 1028 1166 1080 venabula
1205 1030 1344 1081 saltu

233 1105 429 1155 incitus
471 1105 562 1154 aut
602 1120 752 1155 caeco
792 1103 973 1155 foveae
1013 1102 1258 1171 deceptus
1298 1103 1470 1171 hiatu,
1879 1119 1934 1157 10
2027 1149 2034 1159 .

236 1177 327 1229 sed
363 1179 534 1229 victus
573 1177 813 1246 fugiente
850 1177 975 1230 fera.
1039 1179 1145 1230 stat
1184 1177 1394 1230 cardine
1433 1181 1613 1247 aperto

233 1253 421 1303 infelix
461 1270 617 1304 cavea
656 1254 707 1303 et
746 1253 949 1304 clausas
991 1254 1188 1304 circum
1225 1252 1459 1321 undique
1497 1255 1678 1321 portas

167 1388 170 1391 ¹
233 1327 335 1379 hoc
373 1328 586 1379 licuisse
622 1326 771 1378 nefas
810 1326 1007 1395 placidi
1045 1328 1284 1378 tumuere
1322 1328 1515 1379 leones,

234 1403 350 1452 tum
390 1403 591 1453 cunctis
634 1400 861 1453 cecidere
898 1401 1075 1469 iubae,
1113 1400 1408 1470 puduitque
1446 1403 1673 1454 relatum

235 1478 488 1544 aspicere,
530 1477 581 1527 et
619 1477 758 1527 totas
800 1475 992 1527 duxere
1029 1478 1088 1527 in
1126 1477 1330 1527 lumina
1367 1476 1583 1529 fronteS.
1881 1490 1935 1530 15

236 1553 291 1601 at
327 1568 439 1603 non
477 1552 530 1602 te
562 1553 740 1618 ‘primo
781 1550 960 1602 fusum
997 1568 1167 1602 novus
1209 1549 1387 1602 obruit
1424 1553 1535 1602 ictu

234 1626 327 1676 ille
364 1624 558 1693 pudor:
597 1643 836 1676 mansere
875 1627 1060 1693 animi,
1099 1626 1373 1693 virtusque
1414 1625 1619 1677 cadenti

236 1718 267 1751 a
303 1699 476 1751 media
513 1702 621 1750 iam
657 1701 828 1752 morte
866 1699 1024 1767 redit,
1063 1717 1160 1751 nec
1189 1701 1435 1767 protinus
1478 1718 1657 1752 omnes

235 1776 387 1842 terga
426 1773 610 1826 dedere
647 1776 835 1826 minae.
900 1776 1036 1826 sicut
1077 1773 1178 1826 sibi
1218 1777 1458 1826 conscius
1499 1775 1596 1826 alti

234 1849 468 1900 vulneris
510 1848 787 1900 adversum
823 1851 1054 1900 moriens
1093 1850 1138 1900 it
1175 1850 1327 1900 miles
1366 1851 1425 1900 in
1462 1849 1671 1901 hostem
1881 1862 1936 1902 20
2011 1887 2034 1904 ,.

236 1924 540 1991 attollitque
578 1940 796 1974 manum
836 1925 887 1974 et
924 1923 1063 1975 ferro
1103 1922 1313 1974 labente
1351 1926 1606 1976 minatur:

237 2001 311 2049 sic
349 2000 502 2066 piger
539 1998 632 2049 ille
670 1997 839 2066 gradu
880 1998 1143 2066 solitoque
1184 1999 1370 2050 exutus
1410 1998 1612 2050 honore

355 2157 409 2202 V.
449 2165 470 2201 1
502 2158 782 2202 monstrata:
824 2159 1061 2202 constrata
1093 2172 1141 2208 3:
1182 2172 1306 2203 nunc
1338 2158 1488 2202 strata
1519 2158 1787 2218 Postyatius
1817 2163 1939 2205 1905
2026 2154 2034 2215 ἒ

228 2232 279 2274 p.
308 2221 410 2263 123.
446 2218 504 2272 ef.
531 2218 795 2262 Karstenus
826 2221 950 2262 1899
978 2232 1026 2274 p.
1052 2221 1154 2262 353.
1187 2218 1266 2263 sed
1297 2232 1374 2276 eqo
1406 2219 1666 2263 monstrata
1690 2252 1701 2263 .
1727 2253 1738 2264 .
1763 2219 1835 2263 ira
1865 2220 1936 2263 in·
2030 2217 2034 2244 ³

235 2278 391 2334 telleyo
422 2278 474 2322 cl.
499 2292 539 2323 v.
566 2281 594 2322 5
627 2278 680 2322 de
711 2278 786 2323 ira
818 2291 955 2334 quam
985 2283 1324 2323 monstraturus
1354 2282 1431 2333 est,
1466 2278 1543 2322 sed
1573 2280 1725 2324 iussus
1755 2280 1941 2336 deponit

236 2337 295 2391 cf.
320 2338 414 2382 III
429 2340 471 2391 3,
498 2340 557 2381 74
707 2345 730 2380 2
761 2336 1086 2393 humanasque
1115 2343 1248 2382 reete:
1283 2337 1565 2393 innataeque
1600 2338 1939 2384 Cornelissenus
2026 2357 2034 2394 j

236 2399 360 2441 1877
383 2410 434 2453 p.
459 2399 555 2442 ,283
690 2404 712 2440 5
744 2396 921 2453 praeda
951 2398 1038 2442 Ml:
1070 2397 1275 2454 praedae
1407 2406 1430 2440 6
1461 2397 1753 2455 insertasque
1785 2413 1832 2447 3:
1864 2398 1936 2442 In·
2026 2411 2034 2445 ¹.

237 2457 482 2511 certasque
575 2465 594 2498 7
629 2455 852 2500 altarum:
886 2456 1117 2501 hirtarum
1149 2457 1425 2515 Grasberyer
1456 2460 1582 2501 1877
1605 2472 1654 2514 p.
1674 2461 1766 2503 420
1797 2459 1938 2503 otioso

236 2516 428 2572 epitheto
570 2521 679 2572 post
713 2531 753 2560 v.
781 2520 836 2560 11
871 2518 954 2560 lac.
980 2518 1145 2562 statuit
1181 2516 1486 2562 Schwartz-ius
1525 2520 1649 2562 1889
1684 2531 1730 2573 p.
1756 2521 1815 2562 14
1844 2531 1939 2563 non
2025 2543 2034 2565 ς

235 2581 370 2630 reete,
402 2575 462 2630 ef.
487 2575 868 2620 Lundstroemias
900 2580 1022 2621 1893
1046 2591 1096 2633 p.
1125 2580 1186 2620 68
1216 2590 1279 2632 sq.
1371 2584 1418 2619 12
1451 2576 1633 2621 clausas
1666 2603 1722 2609 —
1754 2578 1936 2633 portas:
2026 2576 2034 2602 ³

238 2634 409 2679 clausis
442 2661 497 2667 —
530 2635 678 2692 portis
714 2635 919 2692 Guyetas
1050 2644 1097 2679 18
1127 2635 1306 2693 placidi
1332 2636 1548 2691 probum:
1581 2635 1741 2692 pavidi
1775 2637 1938 2681 Mark-
2023 2645 2028 2650 “

238 2695 428 2739 landus:
463 2693 621 2738 rabidi
652 2695 888 2740 Baehrens
1037 2697 1251 2740 tumuere
1283 2696 1539 2741 Baehrens:
1571 2696 1768 2740 timuere
1801 2696 1939 2752 (qaod
2028 2707 2034 2757 s

236 2754 439 2809 defendit
477 2754 743 2799 Skutschias
782 2757 903 2799 1893
934 2769 983 2812 p.
1011 2759 1104 2801 830
1113 2772 1130 2809 ,·
1166 2755 1244 2800 sed
1281 2755 1324 2799 si
1351 2760 1511 2811 postea
1542 2754 1752 2799 cecidere
1783 2755 1936 2810 iubae,

236 2818 342 2857 ante
377 2814 492 2857 irati
521 2815 746 2869 fuerant):
779 2814 1041 2860 intumuere
1074 2814 1393 2861 Phillimorius
1510 2814 1686 2874 pardae
1718 2816 1938 2874 stupuere

235 2871 438 2931 Saenyer
530 2881 576 2916 16
609 2874 660 2918 at
691 2887 738 2924 ςε
772 2874 841 2920 Ac
