2034 3126
803 89 1147 136 PRAEFATIO
1684 85 1821 133 LXIX

120 254 220 286 non
261 253 319 286 ex
351 246 417 286 ac
445 234 582 284 haud
602 234 905 295 penetrabile
934 233 1191 296 profectus
1224 235 1320 293 est,
1361 232 1448 281 sed
1478 232 1827 292 inpenetrabile

122 311 355 361 correxit:
395 310 475 360 vel
512 310 606 358 hoc
644 309 726 357 vel
763 311 819 356 ut
838 307 1142 368 penetrabile
1172 307 1354 355 fuit-in
1385 306 1657 371 Poggiano.
1713 321 1826 355 con-

119 386 248 435 icere
275 388 447 434 antem
468 384 588 432 licet
611 383 918 432 Politianum
941 397 1020 430 res
1043 383 1340 430 minutiores
1363 378 1518 429 tacite
1542 380 1825 441 correxisse,

121 476 232 509 cum
271 460 452 508 dixerit
489 459 775 507 cautionem
814 456 910 505 sibi
947 456 1100 506 fuisse
1131 473 1192 504 ne
1225 455 1346 518 quid
1377 455 1447 503 ab
1479 455 1588 503 illo
1625 449 1825 521 (nempe

121 535 287 584 codice
319 526 603 599 Poggiano)
633 534 866 580 mutaret.
930 547 1057 593 quae
1088 531 1241 580 verba
1272 532 1344 580 sic
1381 531 1683 593 interpretor
1714 545 1826 577 eum

119 609 448 657 mutationem
479 608 641 656 facere
672 622 771 655 non
803 606 1044 667 noluisse,
1081 605 1166 655 sed
1198 604 1594 654 emendationem
1623 603 1828 667 petiisse

120 700 179 731 ex
210 683 327 732 libri
358 684 437 731 sui
468 682 696 730 lectione.
753 680 839 729 sed
870 681 999 728 talia
1028 683 1203 744 utpote
1235 682 1399 728 minus
1431 681 1568 728 certa
1597 677 1699 727 iam
1732 679 1827 726 lin·

120 773 343 821 quamue.
392 756 647 805 sufficiunt
677 756 756 804 illi
788 771 911 818 quos
943 755 1094 803 attuli
1117 755 1234 816 loci,
1264 757 1322 803 ut
1345 754 1533 803 claram
1556 752 1828 816 imaginem

121 831 372 896 Poggiani
401 831 520 880 libri
550 830 694 879 nobis
726 845 1078 893 proponamus.

193 922 306 956 cum
349 906 694 955 Matritensem
748 905 999 968 exemplar
1045 905 1364 969 Poggianum
1418 903 1570 952 fuisse
1626 902 1825 950 demon-

117 982 441 1031 straverimus
503 979 772 1042 eodemque
834 981 1031 1027 nomine
1093 978 1373 1028 Politianus
1434 977 1620 1026 librum
1680 992 1828 1026 suum

116 1055 495 1119 nuncupaverit,
525 1056 713 1118 poterit
744 1054 925 1117 aliquis
954 1053 1250 1103 contendere
1275 1051 1487 1102 eundem
1512 1067 1616 1101 esse
1641 1051 1826 1099 librum

117 1130 464 1179 Matritensem
496 1145 554 1178 ac
578 1129 908 1195 Poggianum.
955 1128 1008 1176 id
1041 1128 1173 1191 quod
1205 1129 1419 1191 speciosi
1443 1125 1637 1189 aliquid
1659 1125 1825 1186 habet,

117 1205 201 1254 sed
241 1206 362 1254 ferri
398 1205 587 1268 nequit.
650 1204 936 1266 discrepant
974 1203 1105 1252 enim
1143 1203 1276 1251 haud
1315 1218 1415 1252 uno
1455 1203 1563 1250 loco
1602 1202 1736 1249 inter
1775 1216 1827 1250 se

115 1275 163 1330 A
209 1282 261 1328 et
304 1274 368 1329 M.
440 1296 498 1328 ex
546 1278 726 1342 quibus
770 1280 1004 1343 graviora
1042 1281 1241 1328 tantum
1279 1278 1374 1326 hoc
1411 1277 1522 1326 loco
1560 1275 1826 1325 tractanda

119 1370 318 1403 censeo:

190 1429 214 1476 I
242 1432 289 1491 ’2,
317 1430 422 1478 203
462 1429 647 1478 nitidae
684 1430 852 1491 potest
890 1443 994 1477 esse
1034 1427 1315 1476 emendatio
1347 1426 1591 1476 Politiani
1630 1425 1742 1474 nisa
1772 1424 1827 1471 in

115 1503 328 1553 lectione
367 1498 440 1553 M:
479 1503 674 1552 mtiade.
734 1505 857 1551 item
896 1506 1065 1566 potest
1104 1503 1263 1552 statui
1300 1502 1327 1550 Ι
1351 1503 1384 1550 4
1424 1503 1504 1549 tit.
1535 1501 1718 1549 Rutilii
1755 1493 1826 1548 At

115 1578 292 1627 Rutuli
329 1573 403 1639 M,
448 1578 475 1627 Ι
509 1579 557 1640 6,
590 1580 660 1628 20
690 1582 959 1639 preynates
990 1572 1091 1628 A*:
1135 1578 1436 1640 Praeynates
1473 1570 1546 1638 M,
1593 1574 1645 1623 Π
1681 1577 1727 1635 1,
1753 1574 1822 1621 88

115 1653 335 1715 Heyisse
356 1648 455 1703 A':
486 1654 704 1715 Fleyisse
726 1647 792 1714 M,
815 1653 888 1700 IV
908 1655 956 1716 3,
975 1654 1039 1702 81
1069 1654 1371 1716 servitusque
1394 1647 1496 1702 A*:
1527 1651 1827 1710 struitusque

113 1722 187 1788 M,
225 1728 298 1776 IV
324 1730 372 1789 3,
402 1729 468 1776 74
502 1729 571 1777 Et
600 1722 670 1778 A:
708 1729 762 1776 It
789 1723 854 1778 Μ.
915 1728 1092 1791 paucis
1131 1728 1254 1777 locis
1289 1726 1461 1776 licebit
1492 1725 1552 1773 de
1583 1723 1827 1772 Politiani

114 1818 278 1852 errore
310 1803 548 1868 cogitare,
579 1803 739 1852 veluti
771 1819 881 1852 cum
914 1803 965 1852 Π
989 1806 1015 1852 1
1045 1804 1123 1852 tit.
1150 1802 1426 1865 scripserit:
1459 1800 1710 1849 dedicatus
1733 1813 1825 1860 pro

114 1877 364 1926 delicatus.
408 1894 783 1941 nonnumquam
807 1895 861 1928 re
885 1895 1005 1928 vera
1028 1878 1082 1926 id
1108 1877 1242 1941 quod
1267 1876 1549 1926 Politianus
1564 1873 1825 1939 Poggiano

114 1951 309 2012 tribuit,
340 1953 394 2001 in
425 1947 475 2002 M
507 1955 673 2016 potest
702 1953 828 2019 legi3
860 1970 900 2003 e.
919 1971 965 2019 g.
984 1952 1030 1999 V
1049 1955 1097 2014 3,
1117 1954 1222 2002 209
1255 1951 1343 2000 ubi
1375 1951 1596 2012 biotaque
1628 1947 1827 1997 exhibet

112 2020 187 2088 M,
226 2028 452 2089 luotaque
484 2027 664 2077 Sonter
705 2028 844 2093 legit.
906 2028 931 2076 I
957 2030 1007 2090 4,
1033 2029 1101 2077 88
1135 2028 1187 2075 in
1218 2043 1338 2076 voce
1370 2027 1499 2075 laeta
1531 2022 1824 2087 compendio

114 2101 407 2151 coniunctae
439 2106 557 2152 sunt
586 2103 785 2152 litterae
818 2119 842 2152 e
873 2106 925 2152 et
955 2107 993 2164 t,
1027 2105 1103 2152 ita
1132 2105 1191 2151 ut
1222 2102 1301 2150 vel
1332 2101 1562 2150 Loewius
1594 2098 1827 2148 videatur

112 2175 292 2241 legisse
337 2178 523 2234 lacera,
571 2194 698 2241 quae
742 2178 947 2244 vulgata
985 2179 1134 2228 lectio
1175 2177 1286 2227 fuit.
1350 2177 1452 2224 alia
1492 2174 1594 2223 alia
1632 2174 1826 2221 ratione

114 2251 446 2315 explicantur.
518 2251 543 2300 I
576 2254 624 2315 6,
659 2254 728 2302 10
774 2254 963 2302 velaria
1009 2254 1224 2302 testatus
1271 2253 1346 2300 est
1387 2249 1692 2309 Politianus;
1740 2246 1826 2296 sed

113 2328 280 2389 potuit
319 2327 532 2377 lectione
571 2327 805 2377 editionis
845 2328 1086 2391 principis
1126 2326 1295 2375 induci
1334 2328 1391 2374 ut
1430 2324 1668 2374 scriberet
1699 2321 1826 2370 illud

113 2416 205 2464 pro
236 2402 457 2451 vellaria.

187 2480 347 2525 restat
375 2479 436 2525 ut
459 2491 542 2526 eos
565 2476 700 2527 locos
726 2478 1120 2540 contemplemur
1145 2475 1323 2539 quibus
1347 2474 1632 2524 Politianus
1656 2474 1826 2536 spreta

114 2564 173 2599 ea
211 2550 424 2600 lectione
465 2567 614 2614 quam
655 2554 708 2600 in
750 2567 843 2600 suo
882 2551 1050 2601 codice
1093 2552 1371 2615 repperisse
1412 2566 1525 2598 eum
1564 2546 1824 2612 probabile

114 2627 206 2685 est,
238 2626 574 2676 coniecturam
601 2626 661 2675 de
686 2642 778 2676 suo
803 2626 1015 2676 edidisse
1041 2626 1256 2675 videtur.
1312 2627 1462 2688 atque
1486 2624 1569 2673 hic
1593 2622 1824 2671 omittere

112 2698 233 2749 licet
270 2716 353 2750 eos
393 2701 527 2750 locos
569 2700 750 2764 quibus
789 2704 831 2751 ο*
870 2702 950 2750 vel
990 2706 1033 2750 συ
1073 2701 1334 2764 adposuit:
1373 2716 1490 2748 nam
1531 2698 1601 2747 eis
1635 2697 1823 2747 coniec-

113 2775 227 2823 tura
244 2773 554 2825 Politianum
580 2791 725 2825 usum
748 2790 854 2825 esse
877 2792 966 2839 per
990 2791 1040 2824 se
1066 2776 1172 2824 veri
1198 2776 1359 2826 simile
1381 2778 1471 2837 est,
1494 2773 1584 2822 ubi
1599 2773 1824 2820 rationes

114 2863 172 2898 ex
211 2850 323 2912 ipsa
364 2866 416 2898 re
457 2852 648 2913 petitae
689 2866 787 2900 non
827 2850 1041 2900 obstant.
1111 2851 1236 2899 item
1277 2850 1438 2899 abicio
1480 2863 1607 2911 quae
1646 2847 1824 2909 postea

117 2922 196 2972 vel
231 2922 294 2972 ab
325 2924 434 2988 ipso
461 2925 713 2974 Politiano
746 2924 918 2974 addita
950 2927 1068 2974 sunt
1100 2925 1178 2974 vel
1205 2924 1266 2974 ab
1293 2924 1392 2973 alio
1419 2922 1649 2987 quodam.
1706 2936 1824 2969 nam
