2034 3126
217 85 302 129 XII
891 87 1233 133 PRAEFATIO

226 219 457 292 (semita).
516 227 583 274 33
624 229 901 276 iuzmuuera
933 221 1009 293 (iu
1040 222 1283 291 munera).
1342 230 1408 277 35
1442 230 1640 279 habente
1674 225 1921 298 (labente).

223 301 292 348 46
334 315 482 360 quarn
515 293 700 368 (quas).
757 302 825 349 54
858 302 994 350 unda
1029 295 1228 369 (nuda).
1286 303 1352 350 62
1385 305 1714 367 mayuiloquio
1747 299 1923 372 (-quo).

224 376 290 422 77
340 372 645 424 Astrauacta
693 368 1059 442 (Astyanacta).
1132 377 1199 424 85
1247 376 1385 425 Nata
1432 371 1605 444 (uota).
1670 381 1736 427 99
1785 394 1922 427 oroos

241 441 450 515 heroos).
533 451 635 499 102
693 464 778 498 ceu
833 443 979 516 (seu).
1063 452 1165 499 107
1212 454 1515 511 prestaretias
1566 446 1716 519 (-us).
1793 457 1926 502 artes

244 519 422 586 arces).
475 525 579 571 112
613 526 735 572 seris
759 516 961 591 (sertis).
1013 525 1115 572 119
1143 527 1343 573 amiitus
1366 518 1543 593 (wius)
1609 528 1710 575 131
1741 528 1922 576 Versus

216 591 385 662 (verus
415 636 424 645 .
491 598 594 646 133
638 599 724 646 ubi
755 592 887 664 (ibi).
953 599 1057 646 135
1090 596 1272 658 festina
1304 603 1375 647 set
1401 604 1457 648 ut
1486 601 1586 649 dux
1618 594 1847 668 (festinus
1878 606 1925 651 et

216 671 386 719 audax
416 709 425 719 .
478 673 583 721 140
610 674 827 720 clausero
846 666 1139 740 (plausere).
1191 674 1294 722 157
1314 676 1392 722 ari
1410 667 1570 742 (atri).
1623 676 1725 724 168
1744 679 1920 725 ausoru'

217 738 495 812 (Ausonii).
548 748 653 794 174
686 747 840 794 duum
869 740 1099 814 (divum).
1149 749 1385 796 canebam
1410 741 1544 816 (-at).
1597 751 1700 798 178
1727 754 1919 811 opertae

215 812 473 886 (opertae).
549 821 650 869 181
684 822 1006 869 Monstrastis
1043 822 1158 870 aliis
1189 814 1297 889 (-sti
1325 817 1516 890 Sah'is).
1589 825 1693 872 182
1726 825 1921 873 volucre

213 886 461 960 (volvere).
517 896 619 942 197
646 895 893 955 Proeliyia
918 888 1173 962 (proelia).
1219 897 1383 945 rhedis
1407 890 1623 964 (taedis).
1670 900 1772 947 199
1800 899 1921 947 duo-

211 983 325 1016 rum
380 961 642 1035 (deorum).
730 971 835 1018 207
892 973 1049 1018 moute
1102 963 1288 1036 (-tem).
1367 973 1470 1020 223
1527 973 1691 1028 hausti
1747 966 1914 1040 (-stu).

213 1044 316 1090 241
367 1044 412 1090 si
456 1044 656 1103 iuuyere
702 1036 1012 1110 (seiumyere).
1094 1045 1199 1092 242
1249 1048 1293 1093 et
1338 1038 1442 1112 (te).
1519 1047 1622 1095 253
1674 1049 1917 1107 arduisque

212 1109 509 1183 (triuisque).
559 1119 664 1166 258
690 1132 856 1179 seques
881 1111 1009 1185 (-is).
1059 1120 1165 1167 278
1193 1120 1368 1168 caedas
1391 1113 1621 1188 (taedas).
1667 1122 1774 1170 280
1796 1121 1915 1170 Ceu-

209 1194 384 1239 taurus
439 1191 711 1252 hydraeque
761 1184 1058 1258 (Centauros
1103 1187 1443 1260 Hydraeque).
1521 1196 1625 1244 289
1675 1198 1921 1245 monstrat

210 1257 396 1331 (-stra).
468 1265 514 1312 V
539 1268 588 1327 4,
615 1267 644 1314 5
691 1267 914 1315 trueibiss
956 1260 1138 1334 (-bus).
1206 1267 1254 1314 V
1281 1269 1330 1329 5,
1356 1269 1386 1316 8
1427 1269 1618 1318 laeestis
1658 1262 1914 1337 (lacertis).

211 1341 240 1387 9
299 1341 560 1400 animaque
613 1333 656 1406 (-
667 1334 877 1407 amque).
966 1342 1033 1389 33
1089 1341 1257 1390 Sciedo
1313 1335 1542 1411 (scindo).
1620 1345 1691 1392 44
1744 1346 1918 1404 saucia

210 1406 442 1480 (saucia).
507 1415 573 1462 51
608 1429 705 1464 uox
737 1409 888 1482 (vox).
954 1416 1020 1463 52
1054 1420 1243 1465 maestu
1275 1410 1417 1484 (-ta).
1482 1418 1549 1466 53
1583 1418 1708 1466 duro
1741 1411 1914 1486 (-rus).

212 1489 277 1535 75
311 1490 509 1550 iuyatus
542 1482 830 1556 (ingratus).

284 1578 342 1611 ex
381 1563 562 1625 quibus
602 1564 645 1612 si
685 1563 796 1626 quis
835 1564 1077 1613 nonnulla
1116 1565 1379 1614 librarium
1418 1567 1520 1614 iam
1557 1566 1611 1613 in
1642 1567 1915 1630 exemplari

206 1637 454 1686 invenisse
480 1638 802 1700 contenderit,
825 1654 926 1686 non
948 1655 1170 1700 renuam,
1193 1643 1362 1687 tamen
1380 1641 1484 1688 eius
1500 1643 1706 1703 peccata
1719 1644 1915 1690 restant

206 1713 286 1759 sat
322 1711 496 1761 multa.
569 1712 732 1775 qualis
773 1715 940 1761 autem
979 1712 1165 1763 ordinis
1206 1715 1359 1762 fuerit
1396 1715 1506 1776 ille,
1550 1731 1608 1762 ex
1646 1715 1758 1778 ipsa
1797 1715 1911 1765 sub-

206 1785 476 1847 scriptione
523 1787 705 1836 elucet:
757 1786 937 1835 FINIS
972 1812 982 1822 ·
1015 1787 1234 1836 ADEST
1269 1814 1277 1822 ·
1311 1788 1489 1837 VERE
1525 1815 1534 1824 ·
1567 1789 1866 1839 PREGIUM
1899 1816 1911 1824 ·

203 1859 383 1908 VULT
417 1886 427 1895 ·
462 1859 784 1909 SCRIPTOR
817 1887 826 1895 ·
858 1861 1128 1910 HEBERE
1172 1856 1335 1930 (sic!):
1377 1863 1714 1913 conducticius
1753 1866 1914 1929 igitur

205 1934 412 1996 quidam
457 1935 557 1983 fuit
603 1935 788 1997 scriba,
834 1952 934 1984 non
972 1936 1119 1985 homo
1160 1937 1346 1986 doctus.
1418 1939 1701 1987 litterarum
1742 1941 1910 1987 autem

104 2030 110 2037 ¹
203 2009 393 2057 formae
435 2025 535 2058 non
575 2010 639 2057 ad
668 2010 858 2058 Italum
888 2010 1163 2072 librarium,
1195 2012 1280 2061 sed
1313 2011 1376 2059 ad
1408 2011 1709 2061 Germanum
1738 2015 1911 2075 potius

202 2082 363 2130 redire
394 2085 497 2131 iam
528 2082 728 2133 Loewio
760 2086 897 2133 visae
930 2088 1058 2133 sunt.
1108 2086 1295 2134 similes
1321 2087 1391 2135 eis
1417 2089 1533 2135 sunt
1557 2102 1682 2150 quas
1709 2087 1909 2136 exhibet

203 2156 387 2205 Arndti
406 2158 580 2206 tabula
600 2159 666 2207 66
689 2152 1062 2224 (Schrifttafeln
1078 2177 1165 2208 zur
1182 2160 1463 2225 Erlernung
1480 2162 1566 2210 der
1582 2161 1909 2210 lateinischen

201 2225 616 2295 Palaeographie3
648 2227 831 2300 1897).

275 2305 475 2354 videtur
511 2308 554 2355 is
596 2307 683 2369 qui
722 2307 904 2356 librum
937 2308 1136 2371 scripsit
1168 2309 1320 2357 etiam
1350 2309 1673 2358 rubricatoris
1703 2326 1908 2358 munere

201 2380 400 2428 functus
441 2395 558 2429 esse.
621 2380 702 2430 hic
738 2382 958 2430 initiales
997 2398 1229 2431 versuum
1269 2383 1463 2432 litteras
1495 2384 1628 2432 linea
1657 2383 1809 2432 rubra
1841 2384 1906 2432 ad

200 2454 610 2517 perpendiculum
657 2456 809 2504 ducta
857 2458 1055 2505 ornavit
1100 2458 1180 2506 vel
1222 2459 1391 2520 potius
1433 2458 1622 2507 obtexit
1660 2474 1902 2508 nonnum-

203 2544 355 2590 quam
395 2531 768 2593 carminumque
814 2532 991 2579 titulos
1033 2533 1083 2579 et
1122 2531 1508 2596 subscriptiones
1546 2532 1786 2580 librorum
1818 2532 1904 2581 ad-

201 2601 342 2653 didit.
396 2606 595 2666 praeter
624 2605 789 2666 ipsum
819 2605 1081 2653 librarium
1112 2607 1198 2668 qui
1220 2606 1355 2654 haud
1378 2603 1551 2670 paucis
1577 2606 1698 2654 locis
1722 2607 1904 2655 levius-

201 2677 336 2726 culos
363 2678 604 2740 quosdam
630 2694 818 2727 errores
840 2680 1052 2727 correxit
1070 2673 1189 2746 (Ml)
1208 2696 1297 2728 nec
1312 2697 1413 2729 non
1430 2681 1653 2729 ordinem
1668 2697 1900 2731 „versuum

197 2752 395 2799 incuria,
433 2767 522 2800 sua
561 2752 818 2800 turbatum
856 2753 1029 2802 statim
1065 2755 1287 2803 restituit
1320 2750 1401 2822 (cf.
1427 2755 1453 2802 I
1480 2758 1527 2817 1,
1554 2756 1620 2803 37
1633 2770 1703 2816 sq.
1743 2754 1826 2802 III
1853 2757 1900 2818 1,

202 2827 305 2873 172
325 2841 396 2887 sq.
435 2826 513 2875 HI
539 2829 587 2888 2,
615 2828 719 2876 134
737 2821 857 2894 sq),
897 2827 1173 2890 complures
1214 2831 1512 2879 correctores
1551 2830 1661 2891 ipso
1703 2830 1898 2877 saeculo

201 2899 374 2961 quinto
415 2900 603 2949 decimo
643 2903 696 2949 in
736 2902 900 2950 codice
940 2905 1155 2966 grassati
1192 2906 1323 2952 sunt.
1381 2920 1591 2966 quorum
1621 2904 1900 2952 vetustissi-
