2034 3126
692 97 1005 143 SILVARUM
1034 97 1085 143 L.
1109 98 1167 153 v,
1191 103 1218 142 3
1701 100 1810 154 153

105 240 158 289 et
196 235 390 306 quibus
428 233 659 288 Arcadia
697 253 907 288 carmen
944 235 1211 288 testudine
1248 239 1445 288 mensis

105 329 232 363 cura
267 311 415 379 lyrae
450 327 751 378 nomenque
788 310 895 362 fuit
933 327 1172 379 quosque
1211 310 1337 363 orbe
1377 310 1475 362 sub
1516 314 1663 364 omni
1692 306 1697 310 ’

104 385 269 437 ardua
306 387 525 454 septena
560 387 806 436 numerat
845 383 1120 453 Sapientia
1155 385 1298 437 fama
1305 426 1318 453 ‚
1750 398 1808 438 95

104 463 197 529 qui
235 459 401 511 furias
439 476 731 528 regumque
770 458 955 511 domos
995 477 1282 528 aversaque
1322 460 1466 512 caelo

104 534 278 587 sidera
314 533 543 586 terrifico
584 551 743 602 super
780 536 1060 586 intonuere
1099 534 1383 602 cothurn0,

104 611 157 661 et
195 611 315 677 quis
354 609 552 660 lasciva
588 610 726 660 vires
766 610 984 660 tenuare
1023 607 1214 660 Thalia

103 682 256 735 dulce
292 683 380 735 vel
415 682 606 735 heroos
645 700 832 751 gressu
870 685 1116 735 truncare
1155 685 1380 735 tenores,

104 760 285 810 omnia
320 774 549 826 namque
589 760 767 808 animo
808 757 1113 825 complexus
1146 760 1199 809 et
1230 757 1477 810 omnibus
1509 760 1655 826 utor,
1723 770 1811 810 100

103 849 210 901 qua
247 831 396 884 fandi
432 834 513 883 vis
552 832 664 883 lata
700 834 868 899 patet,
910 834 1020 883 sive
1060 849 1181 884 orsa
1219 831 1421 884 libebat

102 905 296 959 Aoniis
334 909 534 958 vincire
571 905 744 959 modis
786 923 878 957 seu
917 923 1044 958 voce
1084 907 1261 958 soluta

104 999 352 1050 spargere
391 984 444 1033 et
482 980 679 1033 effreno
716 980 929 1032 nimbos
970 998 1194 1050 aequare
1231 981 1462 1049 profatu.

103 1074 254 1108 exere
294 1058 575 1108 semirutos
616 1054 794 1107 subito
834 1054 897 1107 de
934 1056 1153 1124 pulvere
1191 1056 1397 1123 vultus,

103 1129 462 1199 Parthenope,
502 1133 804 1198 crinemque
842 1128 1038 1182 adflato
1077 1132 1259 1182 monte
1299 1130 1570 1199 sepultum
1722 1141 1811 1182 105

103 1223 243 1274 pone
282 1222 442 1274 super
479 1205 715 1257 tumulos
756 1207 809 1256 et
846 1207 1029 1273 magni
1068 1205 1229 1256 funus
1270 1205 1495 1272 alumni,

104 1297 211 1349 quo
249 1297 362 1332 non
398 1278 716 1348 Monychiae
756 1281 1040 1366 quicquam
1079 1281 1436 1347 praestantius
1478 1296 1620 1331 arces

104 1353 364 1441 doctaque
404 1351 607 1423 Cyrene
648 1352 900 1422 Sparteve
939 1357 1180 1406 animosa
1218 1356 1427 1406 creavit.

106 1432 152 1481 si
190 1432 252 1481 tu
291 1431 457 1498 stirpe
495 1446 687 1481 vacans
726 1428 1001 1497 famaeque
1041 1428 1267 1481 obscura
1302 1431 1496 1514 iaceres

103 1504 185 1556 nil
222 1504 425 1573 gentile
462 1506 672 1570 tenens,
709 1503 807 1555 illo
845 1506 899 1555 te
938 1506 1049 1555 cive
1087 1502 1350 1571 probabas
1722 1516 1810 1556 110

107 1575 324 1631 Graiam
361 1581 522 1647 atque
558 1577 799 1630 Euboico
837 1580 1100 1630 maiorum
1141 1581 1401 1646 sanguine
1440 1577 1575 1630 duci.

104 1653 199 1705 ille
237 1655 344 1705 tuis
383 1655 580 1705 totiens
619 1651 924 1722 praestabat
962 1654 1204 1721 tempora
1242 1655 1418 1720 sertiS‚

106 1745 229 1781 cum
267 1730 408 1780 stata
443 1726 660 1780 laudato
700 1729 910 1779 caneret
949 1729 1316 1795 quinquennia
1352 1745 1508 1779 versu

225 1926 277 1962 04
309 1931 422 1963 cura
451 1918 551 1974 (hoc
582 1917 864 1974 Politianus)
894 1915 1027 1974 lyrae
1059 1916 1338 1963 Gronovius:
1372 1915 1668 1973 Cydalibem.
1702 1916 1815 1962 Pisa

106 1976 243 2023 labor
287 1977 550 2034 Withofius.
594 1975 727 2022 chria
765 1975 887 2021 liber
924 1977 1127 2022 E'llisius
1165 1979 1287 2021 1900
1323 1990 1370 2033 p.
1401 1979 1515 2021 259:
1565 1976 1658 2021 Cea
1695 1976 1812 2022 fides

106 2037 428 2083 Halanorum
437 2051 487 2104 p
500 2037 622 2082 XX:
646 2035 947 2081 Pindaricum
972 2049 1023 2082 os
1047 2036 1247 2094 Saenyer
1335 2044 1386 2079 00
1411 2034 1501 2089 Qui
1523 2035 1613 2080 1¹:
1640 2034 1752 2090 Quis

106 2105 159 2142 08
188 2097 297 2154 quis
329 2112 372 2142 o:
405 2095 488 2154 qui
624 2098 821 2142 tenuare
852 2111 895 2140 o:
928 2098 1120 2140 tenuere
1254 2103 1305 2139 00
1336 2094 1504 2140 heroos
1536 2110 1584 2145 ς.
1618 2109 1751 2141 oroos

107 2159 296 2202 tenores
320 2171 364 2201 s:
396 2155 579 2201 leones.
610 2154 792 2214 lepores
815 2155 1110 2202 Ribbeckius:
1143 2153 1327 2199 labores
1353 2155 1668 2201 Rothsteininoe
1692 2159 1815 2201 1900

102 2231 150 2276 p.
178 2220 289 2263 517.
330 2216 499 2262 sororis
531 2216 581 2273 (i.
607 2215 754 2273 (Ilius)
786 2215 1042 2261 Korschius
1190 2222 1264 2258 100
1294 2215 1419 2259 utor:
1461 2215 1599 2260 autor
1629 2229 1671 2260 o:
1706 2228 1815 2260 acer

106 2275 558 2381 Ἣωιιία
587 2275 742 2320 verbis
771 2275 1087 2321 Rothsteinius
1118 2277 1239 2319 1900
1268 2288 1312 2331 p.
1331 2277 1423 2319 518
1513 2282 1582 2318 101
1612 2273 1704 2319 vis·
1736 2274 1813 2319 via

107 2335 343 2443 &2892
517 2343 590 2379 1⁰8
606 2348 734 2386 song
744 2348 858 2380 :ceu
946 2342 1017 2379 104
1035 2335 1263 2379 semrutos
1347 2341 1419 2377 100
1437 2333 1633 2379 adflato:
1652 2332 1814 2379 efflato

107 2453 196 2501 ιιι
211 2395 730 2513 010‚²§'201²0{.(2522‘.’⁷'{
692 2469 732 2501 0.
750 2392 1811 2512 Mffssv¹523¹⁰30²331522wffi1352h332325²

109 2513 360 2584 quitquam
375 2514 664 2572 prestantias
681 2515 806 2559 artes
867 2522 939 2558 108
953 2512 1214 2570 Doctaqus:
1234 2511 1431 2557 doetave
1442 2512 1756 2559 Mar-lelandus

109 2582 184 2620 100
213 2574 362 2631 stirpe
393 2587 566 2619 vacans
597 2574 853 2620 Baehrens:
886 2575 943 2619 st.
969 2575 1119 2618 vetas·
1155 2574 1211 2616 st.
1229 2573 1363 2617 vetus
1395 2586 1443 2622 5:
1477 2570 1638 2629 stirpis
1670 2585 1814 2631 egens

110 2634 357 2681 Adriaoms
389 2637 511 2680 1893
533 2649 587 2692 p.
609 2636 693 2688 42ς
728 2659 781 2667 -
814 2632 962 2690 stirpe
994 2634 1124 2678 vetas
1156 2631 1376 2688 famaque
1408 2657 1465 2665 —
1506 2631 1701 2678 Vollmer

108 2701 176 2739 111
200 2696 365 2762 atque·
391 2706 513 2751 aque
539 2693 855 2739 Marklandus
944 2700 1015 2736 ns
1037 2689 1313 2749 praestabat
1328 2691 1480 2736 Elter·
1505 2693 1687 2748 prestat
1709 2690 1812 2737 sed.

109 2752 346 2822 precinxit
381 2753 450 2799 vel
487 2750 766 2813 prestrinxit
802 2766 847 2799 ο·
887 2753 1132 2810 praestant
1170 2764 1219 2796 se
1262 2750 1475 2805 Vollmer,
1513 2751 1595 2808 φας’
1630 2749 1814 2796 tuis—

111 2811 517 2871 mei-parenthesi
532 2813 753 2859 concham
770 2814 879 2870 (qua
894 2817 1047 2869 spreta
1063 2809 1212 2856 illacn‘.
1225 2811 1492 2869 Postgatius
1502 2813 1622 2855 1905
1629 2825 1673 2868 p
1685 2813 1813 2869 134);

303 2875 326 2918 t
354 2886 442 2917 sna
470 2872 686 2940 Saenyer,
715 2886 804 2930 quo
832 2873 887 2927 fit
917 2876 968 2916 ut
1000 2872 1189 2916 caneret
1219 2885 1258 2916 v
1279 2873 1366 2915 113
1393 2870 1667 2916 mutandum
1689 2870 1750 2917 eit
1773 2872 1816 2917 ei

194 2944 363 2978 canere
391 2930 432 2977 it
523 2930 659 2977 sertis
692 2946 736 2977 ο·
769 2930 884 2976 seris
