2034 3126
161 87 163 89 ¹
185 96 249 141 VI
866 94 1207 140 PRAEFATIO

187 236 438 299 exemplar
471 236 676 298 aliquod
700 236 977 299 corrigendi
1001 251 1202 298 operam
1227 237 1448 298 spectare
1473 252 1660 285 censeo.
1714 239 1882 285 tamen

185 310 294 359 fieri
323 309 544 372 potuisse
574 312 777 358 minime
810 325 952 373 nego,
983 312 1042 357 ut
1071 311 1126 357 in
1158 308 1320 358 Statio
1353 326 1549 372 quoque
1576 310 1881 372 Manilioque

184 384 266 432 hic
303 385 411 432 illic
449 385 690 433 nonnulla
731 384 991 432 adnotaret
1022 383 1255 447 Poggius.
1318 384 1404 432 sed
1435 384 1493 432 de
1524 386 1618 433 hac
1647 400 1721 446 re,
1763 401 1880 446 qua-

184 461 329 507 tenus
362 459 425 506 ad
459 457 675 507 Statium
707 458 938 521 pertinet,
969 458 1100 505 infra
1133 458 1416 507 accuratius
1448 459 1544 506 erit
1574 459 1835 522 agendum.

259 533 410 581 codex
462 533 620 596 igitur
671 533 756 580 ille
807 531 1054 580 Silvarum
1110 548 1257 594 quem
1303 532 1520 596 Poggius
1571 533 1882 581 scribendum

185 607 401 668 curavit,
457 622 567 654 cum
620 607 785 669 ipsum
840 606 1090 668 exemplar
1140 622 1238 654 non
1285 609 1454 669 posset
1500 609 1776 669 acquirere,
1829 609 1881 654 in

184 680 388 729 Italiam
426 681 607 730 missus
645 681 818 743 ibique
858 681 1132 742 descriptus
1173 683 1260 728 est.
1333 697 1388 728 ex
1430 697 1526 742 quo
1566 697 1733 730 omnes
1775 682 1880 743 qui-

183 756 275 804 bus
316 755 632 804 continentur
664 754 852 815 Silvae,
893 755 1083 804 codices
1122 756 1401 803 manavisse
1442 757 1614 803 auctor
1646 759 1720 803 est
1750 755 1884 804 Poli-

185 831 353 878 tianus
378 832 577 891 praeter
599 829 991 878 Laurentianum
1019 828 1079 875 ab
1103 828 1212 891 ipso
1236 834 1413 889 postea
1435 833 1702 892 repertum,
1736 846 1883 892 quem

185 904 478 952 Baehrentis
510 905 714 953 fortuna
743 903 927 952 iterum
957 904 1294 966 investigavit.

261 994 386 1040 quae
435 994 547 1026 cum
593 979 666 1026 ita
713 980 834 1039 sint,
880 978 1095 1039 primum
1140 977 1328 1026 codices
1370 979 1748 1040 perlustramus,
1797 979 1884 1040 qui

184 1068 315 1100 nunc
354 1055 640 1115 supersunt,
680 1054 875 1101 omissis
916 1052 1106 1099 scilicet
1145 1052 1214 1100 eis
1256 1067 1376 1113 quos
1418 1052 1479 1099 ab
1520 1052 1883 1114 antiquioribus

186 1127 370 1176 criticis
402 1127 635 1175 adoratos
666 1128 863 1174 minimi
893 1127 1044 1188 pretii
1075 1141 1179 1174 esse
1208 1127 1341 1173 inter
1373 1142 1540 1174 omnes
1563 1127 1665 1174 iam
1690 1129 1885 1176 constat

186 1203 236 1248 et
283 1217 492 1263 quorum
539 1217 654 1263 pars
692 1204 806 1263 post
846 1200 1087 1248 editiones
1126 1200 1261 1262 typis
1301 1200 1565 1262 impressas
1606 1201 1883 1263 conscripta

185 1277 274 1323 est.
345 1276 522 1323 deinde
565 1292 691 1338 quae
729 1277 861 1323 inter
900 1290 982 1323 eos
1020 1274 1296 1322 intercedat
1332 1277 1464 1323 ratio
1504 1291 1698 1337 quoque
1737 1275 1883 1324 modo

186 1350 482 1399 cohaereant
498 1365 611 1398 cum
628 1350 899 1412 exemplari
914 1349 1002 1396 illo
1016 1349 1288 1413 Poggiano,
1305 1349 1611 1398 studebimus
1627 1349 1880 1414 indagare.

183 1426 294 1472 tum
326 1424 384 1471 de
415 1426 547 1473 notis
579 1425 696 1487 illis,
730 1439 853 1487 quas
876 1423 1155 1473 Politianus
1187 1423 1250 1471 ad
1275 1421 1621 1472 Corsinianum
1653 1423 1884 1472 editionis

185 1499 426 1561 principis
452 1500 703 1562 exemplar
729 1499 967 1560 adpinxit,
998 1499 1339 1560 quaestionem
1362 1498 1623 1547 instituere
1649 1515 1673 1544 e
1698 1515 1750 1546 re
1776 1500 1883 1546 erit.

186 1573 397 1635 denique
446 1576 603 1621 accito
652 1573 818 1622 codice
856 1572 1193 1620 Laurentiano
1243 1572 1391 1620 altius
1440 1572 1700 1621 ascendere
1740 1588 1883 1622 cona·

184 1646 370 1707 bimur,
419 1650 475 1695 ut
521 1649 667 1710 quale
714 1648 866 1696 fum‘it
912 1662 1171 1695 commune
1217 1649 1267 1694 et
1311 1647 1457 1694 huius
1504 1649 1552 1694 et
1600 1646 1884 1711 Poggianae

183 1722 407 1770 familiae
441 1723 768 1785 archetypon,
801 1721 964 1784 quoad
995 1721 1104 1768 fieri
1134 1722 1344 1784 poterit,
1375 1722 1701 1770 enucleemus.

343 1898 374 1961 ξ
403 1903 448 1948 1.
505 1899 850 1949 SILVARUM
883 1898 1159 1948 CODICES
1194 1898 1725 1948 DESCRIBUNTUR.

262 2019 451 2067 codices
497 2021 643 2081 potui
690 2019 921 2067 adhibere
967 2019 1164 2068 eosdem
1203 2034 1326 2081 quos
1365 2017 1616 2067 Krohnius
1655 2020 1709 2066 in
1750 2018 1885 2066 Voll-

186 2094 311 2141 meri
351 2093 567 2142 editione
606 2111 654 2155 p.
682 2095 748 2142 39
784 2095 1106 2142 enumeravit.
1169 2094 1350 2141 eximia
1383 2093 1514 2140 enim
1545 2093 1630 2140 ille
1663 2093 1884 2157 benigni-

186 2169 313 2228 tate,
361 2183 475 2215 cum
523 2169 675 2216 officii
719 2169 934 2232 negotiis
983 2169 1248 2216 distractus
1291 2167 1452 2215 Statio
1492 2183 1592 2215 non
1631 2168 1752 2215 satis
1792 2166 1886 2216 sibi

187 2241 438 2290 videretur
491 2257 635 2304 posse
690 2259 891 2305 operam
942 2243 1082 2303 dare,
1136 2241 1373 2304 quicquid
1420 2241 1710 2306 collegerat,
1762 2242 1886 2288 mihi

187 2316 427 2363 utendum
465 2317 705 2379 permisit.
770 2317 901 2379 quod
941 2319 1107 2365 autem
1147 2318 1359 2364 certiora
1397 2319 1447 2364 et
1485 2316 1696 2364 clariora
1735 2331 1886 2378 quam

187 2391 294 2452 ipse
325 2391 575 2439 Krohnius
608 2392 640 2439 l.
665 2391 721 2452 l.,
761 2393 906 2453 potui
944 2391 1186 2453 proferre,
1226 2390 1442 2438 eiusdem
1480 2391 1658 2438 merito
1698 2391 1886 2438 factum

188 2466 277 2512 est.
348 2465 557 2512 contulit
607 2466 739 2513 enim
779 2466 996 2514 codicem
1034 2466 1378 2513 Matritensem
1416 2464 1687 2513 Zittaviam
1725 2467 1885 2512 trans·

187 2540 394 2587 missum
434 2555 629 2587 summa
669 2556 781 2588 cum
821 2540 1082 2603 diligentia
1116 2541 1190 2587 ita
1223 2542 1282 2586 ut
1313 2539 1371 2588 de
1404 2539 1507 2586 eius
1544 2539 1752 2586 lectione
1787 2539 1886 2586 fere

187 2629 433 2676 nusquam
480 2616 547 2662 sit
586 2614 803 2661 dubium.
873 2614 926 2661 id
966 2617 1132 2662 autem
1172 2614 1218 2660 ei
1256 2615 1469 2661 maxime
1509 2613 1714 2660 debetur
1754 2612 1886 2674 quod

189 2691 488 2736 correctores
536 2690 815 2736 accuratius
863 2688 1233 2748 discernuntur,
1280 2687 1412 2749 quod
1450 2686 1665 2735 officium
1709 2686 1888 2734 Souter

189 2777 289 2808 non
319 2763 471 2824 probe
505 2763 734 2824 explevit.

266 2837 602 2885 vetustissima
642 2837 887 2885 Silvarum
934 2838 1173 2884 memoria
1217 2835 1357 2883 libris
1397 2835 1748 2897 manuscriptis
1788 2850 1885 2882 ser-

189 2913 308 2958 vata
356 2937 426 2944 —-
474 2911 590 2959 licet
645 2912 797 2959 solius
853 2912 1050 2975 eclogae
1098 2911 1148 2957 II
1199 2912 1226 2957 7
1276 2937 1348 2942 ——
1396 2911 1556 2957 exstat
1601 2911 1655 2956 in
1702 2903 1885 2959 codice
