2034 3126
223 75 254 126 8
830 76 880 120 P.
905 75 1111 120 PAPINI
1144 75 1316 120 STATI

220 211 431 265 Atticus
463 212 582 265 Elei
623 216 798 266 senior
837 212 993 281 IoviS,
1035 215 1086 265 et
1123 215 1217 265 tua
1254 216 1398 266 mitis

221 305 313 339 ora
350 286 573 355 TaranS,
612 290 705 339 tua
737 287 960 340 sidereas
999 290 1266 340 imitantia
1304 287 1539 340 flammas

219 363 422 413 lumina
452 364 763 431 ‘Contempto
802 363 986 414 mallet
1022 361 1240 415 Rhodos
1281 381 1465 431 aspera
1501 361 1731 415 Phoebo,

219 438 389 488 certus
430 454 569 488 ames
609 438 773 488 terras
816 439 867 488 et
906 455 1039 506 quae
1076 436 1177 489 tibi
1214 438 1414 505 templa
1452 437 1706 505 dicamne,
1831 451 1912 491 105

216 513 331 579 ipse
371 511 534 579 colas;
572 529 669 562 nec
707 513 759 563 te
799 512 929 563 caeli
966 513 1112 563 iuvet
1150 512 1291 580 aula,
1330 514 1556 580 tuosque

217 585 385 637 laetus
425 585 550 637 huic
590 585 727 638 dono
768 585 943 638 videas
985 585 1107 638 dare
1144 588 1266 638 tura
1301 588 1534 654 nepotes,

1032 747 1098 801 H.

326 848 788 894 EPITHALAMION
819 849 886 893 IN
918 849 1197 894 STELLAM
1228 849 1306 893 ET
1337 851 1807 897 VIOLENTILLAM.

325 940 479 995 Unde
520 960 665 994 sacro
706 940 847 994 Latii
887 945 1179 995 sonuerunt
1218 947 1446 996 carmine
1483 946 1727 998 montes?

216 1019 321 1085 cui,
360 1015 556 1084 Paean,
595 1034 735 1068 nova
772 1018 974 1086 plectra
1010 1035 1188 1070 moves
1229 1036 1515 1088 umeroque
1555 1023 1784 1073 comanti

214 1091 500 1143 facundum
540 1091 816 1160 suspendis
859 1091 1022 1144 ebur?
1083 1093 1272 1160 procul
1311 1111 1425 1145 ecce
1464 1112 1655 1147 canoro

215 1164 511 1235 demigrant
549 1165 806 1218 Helicone
846 1166 969 1218 deae
1009 1168 1360 1236 quatiuntque
1396 1186 1604 1221 novena

213 1240 454 1309 lampade
495 1241 805 1293 sollemnem
842 1241 1089 1293 thalamis
1132 1242 1441 1295 coeuntibus
1481 1246 1661 1312 ignem
1887 1259 1911 1297 5

215 1316 266 1366 et
305 1314 366 1367 de
406 1314 593 1367 Pieriis
632 1316 868 1368 vocalem
906 1315 1143 1368 fontibus
1183 1316 1394 1369 undam.

214 1407 342 1459 quas
382 1392 522 1442 inter
559 1391 713 1442 vultu
750 1391 996 1459 petulans
1036 1388 1234 1460 Elegea
1270 1394 1596 1461 propinquat

214 1465 402 1516 celsior
441 1464 658 1517 adsueto
700 1464 950 1534 divasque
987 1465 1233 1518 hortatur
1272 1468 1324 1518 et
1363 1466 1528 1518 ambit

213 1540 476 1591 alternum
514 1540 716 1591 fultura
752 1539 939 1609 pedem
978 1540 1334 1610 decimamque
1372 1540 1537 1593 videri

214 1631 267 1665 se
307 1615 454 1682 cupit
493 1616 544 1666 et
581 1613 777 1667 medias
817 1615 959 1666 fallit
996 1617 1257 1684 permixta
1296 1633 1515 1668 sorores,
1858 1632 1911 1671 10

210 1691 330 1758 ipsa
366 1707 528 1740 manu
565 1691 791 1758 nuptam
828 1691 1068 1759 genetrix
1107 1686 1308 1742 Aeneia
1346 1689 1496 1743 duxit

212 1763 415 1814 lumina
454 1763 734 1816 demissam
773 1766 824 1816 et
862 1764 1003 1816 dulci
1040 1763 1306 1834 probitate
1343 1765 1640 1834 rubentem,

211 1840 329 1906 ipsa
366 1839 511 1890 toros
554 1841 605 1889 et
645 1856 791 1890 sacra
827 1841 980 1907 parat
1020 1841 1275 1908 coetuque
1314 1838 1505 1892 Latino

328 1998 350 2041 1
373 2007 442 2041 ιον
476 1998 806 2043 Priscianus
836 1998 1002 2043 enm
1021 2003 1098 2043 10:
1134 1998 1333 2044 ‘Statius
1361 2014 1545 2058 quoque
1570 2001 1702 2046 huic
1727 1974 1911 2048 videtur

211 2057 462 2114 protulisse
479 2072 564 2115 per
581 2058 813 2102 diaeresin
830 2058 879 2102 in
895 2058 1047 2116 primo
1065 2058 1308 2104 silvarum:
1335 2060 1543 2104 Laetus
1561 2087 1617 2093 —
1634 2064 1908 2125 nepotee'.

329 2201 401 2236 102
441 2192 615 2237 senior:
656 2195 809 2237 sector
840 2194 1052 2250 Lipsius:
1086 2194 1219 2238 fictor
1249 2194 1467 2252 Lafayus
1498 2197 1621 2240 1896
1642 2210 1693 2252 p.
1717 2199 1791 2241 20.
1832 2199 1910 2242 sed

211 2251 314 2296 Elei
348 2287 356 2296 .
384 2286 394 2296 .
423 2286 433 2296 .
465 2251 585 2296 Iovis
617 2254 787 2309 pendet
824 2267 878 2298 ex
917 2253 1118 2298 similem
1160 2257 1286 2309 (recte
1330 2253 1430 2298 Otto
1469 2258 1595 2299 1887
1625 2270 1675 2312 p.
1710 2257 1818 2312 365)

210 2320 282 2355 108
312 2313 492 2356 taraus:
534 2312 679 2356 Taras
711 2313 996 2368 Politianus,
1034 2313 1112 2359 sed
1143 2315 1199 2369 cf.
1225 2312 1392 2357 Atlans
1434 2314 1561 2373 Vei-9.
1587 2315 1646 2359 Α.
1672 2316 1709 2360 Ι
1727 2318 1812 2360 741
1847 2319 1906 2361 al.

211 2371 326 2416 Stat.
357 2372 438 2416 Th.
473 2372 625 2416 V430
649 2373 710 2416 al.
735 2372 817 2418 Sil.
852 2373 1016 2418 V271.
1073 2373 1186 2418 Aue.
1214 2373 1279 2417 ad
1305 2386 1404 2430 nep.
1430 2377 1505 2428 21,
1537 2373 1759 2431 elephans
1792 2375 1906 2421 Luc.

211 2432 294 2475 IX
319 2434 423 2485 732,
455 2432 714 2486 Buecheler,
750 2431 992 2488 Grundriss
1023 2433 1103 2477 der
1134 2433 1426 2478 lateinischen
1456 2433 1753 2479 Declination
1785 2438 1909 2479 1866

205 2505 254 2547 p.
283 2494 311 2534 5
402 2499 472 2533 107
506 2492 613 2534 tura-
647 2505 693 2539 ςε
727 2490 830 2534 iura-
864 2493 944 2548 (sie
974 2493 1112 2536 etiam
1144 2492 1383 2537 Prisciani
1412 2493 1521 2537 libri
1550 2494 1643 2548 fere
1673 2495 1840 2551 omnes)

329 2549 372 2592 H
409 2558 432 2593 5
473 2549 726 2594 solemnem
815 2557 917 2606 post
952 2555 977 2594 6
1010 2553 1227 2597 lacunam
1257 2552 1421 2596 statuit
1451 2551 1754 2598 Schwwrtzius
1786 2557 1907 2599 1889

204 2623 255 2665 p.
281 2613 353 2664 14,
385 2610 463 2654 sed
494 2610 551 2665 cf.
577 2610 633 2653 K
635 2611 798 2655 lotzius
830 2614 955 2655 1896
970 2625 1021 2668 p.
1048 2615 1107 2656 60
1202 2619 1220 2654 7
1247 2611 1429 2668 elegea:
1463 2610 1614 2668 elegia.
1637 2627 1679 2655 m
1769 2621 1792 2655 ⁹
1817 2612 1906 2657 ful-

211 2671 318 2712 tura
344 2683 390 2718 ςε
424 2668 605 2713 futura:
638 2668 822 2713 factura
846 2685 909 2713 m:
940 2669 1133 2714 suffulta
1158 2671 1252 2716 Leo
1277 2674 1401 2716 1892
1415 2685 1466 2727 p.
1492 2674 1540 2715 5:
1574 2671 1730 2715 furata
1755 2672 1904 2717 Sand-

211 2728 449 2773 stroemius
466 2731 590 2772 1878
591 2742 642 2786 p.
654 2732 704 2773 8:
724 2729 969 2785 sumptura
987 2730 1204 2788 Saenyer:
1223 2729 1389 2774 fulcire
1405 2730 1556 2775 Slater
1573 2733 1694 2775 1907
1694 2735 1845 2789 11155

212 2796 254 2830 11
272 2788 505 2845 genetrix:
532 2787 736 2846 genitrix
751 2803 793 2831 m
815 2824 818 2827 .
886 2789 1039 2834 duxit:
1059 2789 1191 2834 ducit
1207 2803 1235 2839 ς
1324 2798 1371 2833 12
1387 2789 1568 2833 lumina.
1585 2804 1632 2839 ςε
1652 2789 1847 2836 Lumine

211 2855 258 2889 13
291 2860 443 2891 sacra:
484 2849 632 2892 strata
663 2849 890 2892 Heinsius
1040 2850 1290 2905 coetuque:
1333 2848 1554 2905 cultuque
1591 2850 1704 2894 Tan.
1729 2851 1904 2896 Faber:

211 2905 460 2962 cinctuque
493 2907 718 2952 Barthius
1197 2945 1200 2947 Α
1819 2943 1821 2945 ·
