2034 3126
97 695 486 758 MAURJOIO
519 722 530 734 ·
564 695 846 756 KROHN
881 722 892 732 ·
924 694 1345 756 ALFREDUS
1379 722 1388 732 ·
1422 656 1717 755 ΚΙΛΟΤΖ·
1746 696 1802 757 S.

174 862 382 912 Constat
413 865 479 923 te,
509 862 579 909 mi
602 861 809 922 Krohni‚
842 861 900 909 de
928 861 1091 910 Statio
1123 863 1390 925 praecipue
1423 877 1528 910 esse
1551 863 1803 920 meritum,

97 939 283 1001 quippe
323 937 410 999 qui
445 938 626 986 eximia
657 936 921 1000 diligentia
953 936 1250 999 assiduaque
1283 936 1530 985 industria
1564 937 1803 999 quicquid
1888 984 1890 987 ,

97 1011 161 1060 ad
193 1013 299 1061 eius
324 1011 489 1060 Silvas
521 1011 854 1060 conlucandas
886 1012 1106 1073 pertinet
1134 1010 1438 1076 congesseris
1462 1011 1803 1074 librorumque

97 1086 387 1136 collationes
427 1089 477 1134 et
513 1085 619 1149 ipse
652 1085 1032 1150 diligentissime
1065 1085 1332 1134 confeceris
1365 1088 1416 1134 et
1447 1085 1510 1134 ab
1543 1086 1657 1135 aliis
1689 1101 1802 1134 con·

98 1161 375 1224 quisiveris.
436 1176 516 1208 me
562 1176 680 1209 vero
726 1176 826 1208 non
867 1159 1000 1208 Stati
1045 1162 1266 1222 tantum,
1316 1160 1401 1208 sed
1447 1176 1556 1209 meo
1606 1176 1801 1223 quoque

95 1236 295 1284 nomine
333 1249 551 1285 summas
588 1235 685 1283 tibi
722 1235 905 1284 habere
944 1236 1135 1299 gratias
1175 1235 1330 1283 libere
1363 1237 1413 1283 et
1444 1235 1658 1283 libenter
1687 1251 1801 1298 pro-

95 1309 255 1359 fiteor.
321 1326 420 1358 non
459 1309 569 1358 dico
610 1308 744 1372 quod
783 1312 1058 1372 apparatus
1100 1309 1262 1358 critici
1301 1309 1470 1372 copias
1511 1309 1800 1373 locupletis·

95 1385 246 1434 simas
283 1400 374 1447 per
410 1385 616 1449 longum
651 1388 850 1446 tempus
881 1386 1194 1447 comparatas
1225 1384 1350 1432 mihi
1381 1383 1636 1434 tradidisti
1668 1386 1718 1432 et
1748 1385 1801 1432 in

95 1458 403 1508 defendendo
453 1457 618 1507 Statio
674 1475 703 1507 a
750 1460 1139 1507 coniectatorum
1188 1459 1396 1507 libidine
1444 1460 1673 1507 strenuus
1722 1475 1800 1507 ex-

95 1535 272 1583 stitisti
313 1534 534 1593 adiutor,
573 1533 658 1583 sed
696 1534 902 1596 insuper
942 1533 1193 1582 amicitiae
1234 1534 1453 1582 sincerae
1491 1533 1691 1582 vinculo
1722 1550 1802 1582 me

94 1607 186 1657 fibi
241 1608 555 1658 coniunxisti.
634 1624 764 1671 quae
812 1623 923 1656 cum
968 1608 1042 1657 ita
1089 1609 1212 1670 sint,
1267 1623 1578 1671 summopere
1625 1608 1801 1670 laetor,

95 1682 231 1746 quod
259 1682 355 1732 tibi
384 1683 515 1731 hanc
547 1681 681 1732 Stati
713 1682 964 1732 Silvarum
997 1682 1280 1745 editionem,
1313 1699 1465 1746 quam
1496 1683 1603 1746 ipse
1634 1683 1801 1731 fueras

93 1758 427 1821 perfectuum,
464 1773 598 1806 nunc
637 1757 812 1806 offerre
851 1773 1069 1821 possum.
1133 1759 1228 1806 scis
1269 1758 1400 1806 enim
1439 1773 1518 1806 me
1549 1758 1643 1806 hoc
1675 1773 1800 1820 opus

93 1847 126 1881 a
163 1836 214 1881 te
245 1832 448 1896 optimis
481 1832 718 1895 auspiciis
749 1832 1062 1894 incohatum,
1102 1832 1216 1881 dein
1247 1834 1454 1896 propter
1485 1833 1800 1897 negotiorum

96 1922 247 1972 grave
273 1923 396 1957 onus
421 1907 508 1956 diu
532 1908 821 1971 sepositum,
847 1907 1062 1969 denique
1084 1907 1135 1955 in
1161 1923 1240 1956 me
1265 1907 1566 1956 translatum
1585 1908 1798 1955 maxime

93 1981 290 2031 fovisse.
353 1982 678 2044 quamobrem
709 1982 829 2030 licet
859 1998 957 2031 non
991 1981 1229 2043 dubitem,
1261 1982 1383 2044 quin
1415 1983 1472 2029 tu
1502 1984 1664 2030 totam
1694 1997 1801 2030 rem

20 2071 21 2074 ¹
91 2055 269 2106 melius
300 2057 457 2106 fueris
488 2056 826 2119 expediturus,
857 2055 1123 2106 dummodo
1155 2073 1245 2119 per
1273 2057 1514 2119 temporis
1541 2056 1799 2121 angustias

13 2357 34 2410 a·

91 2130 337 2192 licuisset,
374 2134 544 2181 tamen
576 2146 720 2195 spero
751 2134 802 2180 te
834 2146 1032 2195 quoque
1064 2133 1374 2196 gavisurum,
1416 2131 1551 2194 quod
1582 2147 1710 2194 quae
1741 2134 1799 2179 tu

93 2207 209 2255 ante
249 2206 348 2254 tria
388 2206 550 2255 lustra
589 2221 896 2269 susceperaS,
936 2222 995 2255 ea
1034 2222 1164 2255 nunc
1203 2206 1407 2255 tandem
1447 2206 1499 2253 in
1539 2204 1800 2269 publicum

93 2281 393 2329 emittuntur
429 2296 528 2330 non
568 2279 820 2342 absoluta,
859 2281 945 2329 sed
986 2281 1050 2329 ad
1085 2281 1232 2329 finem
1265 2280 1512 2344 quendam
1544 2280 1798 2343 perducta.

91 2370 254 2418 neque
286 2355 422 2418 apud
452 2358 504 2404 te
535 2355 656 2404 haec
688 2355 856 2404 omnia
880 2371 1121 2418 exponere
1146 2371 1270 2419 opus
1295 2358 1383 2417 est,
1418 2355 1504 2418 qui
1530 2356 1678 2410 nosti,
1711 2355 1796 2404 sed

94 2431 146 2478 et
174 2430 352 2478 ceteris
375 2430 555 2491 indico,
586 2432 644 2479 ut
667 2429 842 2492 sciant,
875 2430 954 2479 cui
980 2429 1219 2479 debeatur
1241 2430 1575 2493 potissimum,
1607 2429 1651 2479 si
1676 2429 1798 2492 quid

11 2544 25 2585 ο

16 2607 37 2699 3

21 2761 36 2781 ⁴.

18 2796 29 2822 Ι

90 2504 222 2553 inest
252 2503 368 2553 boni
399 2504 452 2553 in
484 2507 653 2554 nostro
686 2504 938 2568 opusculo.
1002 2505 1126 2554 vale.

170 2623 327 2673 1899.
1565 2627 1720 2674 1911.
