2034 3126
677 418 1015 472 P.PAP1N1
1056 419 1263 474 STATI

557 538 604 607 S
658 539 695 607 I
747 540 808 607 L
847 539 915 605 V
953 542 1023 608 A
1068 539 1134 608 R
1188 540 1257 608 U
1309 540 1388 608 M

812 687 1029 740 111ssssss
1066 687 1130 741 v.

409 847 662 893 STATIUS
692 846 1055 893 ABASCANTO
1089 847 1203 892 SUO
1237 847 1534 895 SALUTEM.

230 939 497 995 Omnibus
530 940 805 994 affectibus
843 940 1211 1010 prosequenda
1242 944 1369 994 sunt
1396 941 1539 995 bona
1569 945 1823 1013 exempla,
1885 955 1911 996 5

118 1035 238 1069 cum
276 1015 488 1086 publice
519 1018 743 1085 prosint.
803 1018 990 1085 pieta8‚
1030 1033 1189 1084 quam
1220 1014 1494 1069 Priscillae
1524 1019 1646 1070 tuae
1675 1036 1824 1088 prae-

118 1095 243 1158 stas,
281 1092 334 1144 et
370 1108 580 1143 morum
618 1092 835 1143 tuorum
871 1107 995 1160 pars
1036 1092 1088 1142 et
1124 1090 1263 1142 nulli
1300 1108 1412 1143 non
1444 1093 1725 1146 conciliare
1755 1095 1823 1160 te,

116 1168 398 1236 praecipue
427 1167 636 1233 marite,
666 1167 859 1234 potest.
912 1182 1132 1217 uxorem
1163 1168 1304 1217 enim
1334 1168 1510 1218 vivam
1537 1185 1711 1220 amare
1734 1185 1824 1220 vo·

117 1241 296 1310 luptas
328 1242 423 1308 est,
454 1238 758 1292 defunctam
787 1239 993 1309 religio.
1048 1256 1147 1308 ego
1178 1241 1357 1292 tamen
1386 1239 1511 1293 huic
1543 1244 1690 1311 operi
1711 1259 1823 1295 non

116 1319 179 1367 ut
202 1333 340 1367 unus
366 1332 394 1367 e
415 1313 575 1367 turba
595 1332 694 1367 nec
716 1316 927 1366 tantum
951 1316 1104 1384 quasi
1128 1313 1398 1367 officiosus
1423 1315 1631 1369 adsilui.
1685 1334 1823 1369 ama-
1857 1327 1912 1369 ιο

117 1393 197 1442 vit
242 1392 382 1442 enim
424 1406 643 1442 uxorem
681 1406 853 1441 meam
890 1387 1135 1441 Priscilla
1173 1390 1226 1441 et
1264 1389 1488 1443 amando
1527 1390 1653 1443 fecit
1690 1391 1823 1444 mihi

115 1465 267 1517 illam
312 1463 693 1533 probatiorem3
738 1466 863 1532 post
900 1462 1002 1516 hoc
1038 1466 1282 1532 ingratus
1323 1482 1456 1532 sum,
1496 1467 1541 1517 si
1579 1465 1822 1518 lacrimas

117 1542 237 1591 tuas
261 1542 488 1591 transeo,
534 1541 805 1607 praeterea
827 1538 967 1590 latus
994 1555 1148 1590 omne
1173 1536 1380 1591 divinae
1405 1537 1592 1591 domus
1618 1557 1825 1609 semper

118 1613 370 1666 demereri
407 1630 507 1682 pro
545 1630 663 1666 mea
698 1611 1060 1665 mediocritate
1099 1615 1319 1665 conitor.
1387 1631 1512 1665 nam
1552 1617 1645 1683 qui
1682 1614 1824 1668 bona

117 1686 220 1740 fide
259 1687 382 1740 deos
424 1688 566 1756 colit,
606 1690 748 1739 amat
787 1690 840 1739 et
878 1686 1187 1739 sacerdotes
1251 1686 1341 1739 sed
1373 1691 1613 1757 quamvis
1644 1692 1823 1758 propi·
1856 1700 1911 1741 15

118 1780 262 1815 orem
302 1780 458 1814 usum
497 1765 759 1814 amicitiae
797 1765 919 1814 tuae
956 1761 1269 1830 iampridem
1309 1779 1567 1831 cuperem,
1609 1764 1823 1817 mallem

117 1840 295 1890 tamen
334 1836 573 1890 nondum
611 1839 877 1889 invenisse
915 1839 1205 1889 materiam.

952 2014 992 2068 L

394 2113 719 2161 EPICEDION
751 2114 815 2159 IN
848 2114 1206 2160 PRISCILLAM
1237 2114 1551 2176 [UXOREMJ.

231 2207 289 2263 Si
327 2227 516 2261 manus
556 2211 650 2262 aut
687 2209 886 2261 similes
926 2208 1112 2261 docilis
1151 2208 1284 2261 mihi
1322 2207 1523 2278 fingere
1562 2226 1705 2262 ceras

118 2287 212 2337 ant
249 2283 380 2337 ebur
415 2286 687 2353 impressis
728 2301 979 2336 aurumve
1018 2285 1251 2335 animare
1289 2282 1500 2353 figuris,

117 2357 264 2427 hinc,
302 2356 569 2427 Priscilla,
607 2361 702 2411 tuo
742 2358 939 2411 solacia
975 2361 1130 2427 grata
1166 2360 1358 2411 marito

118 2435 462 2503 conciperem.
522 2450 751 2503 namque
790 2434 1004 2502 egregia
1040 2434 1238 2502 pietate
1275 2434 1526 2500 meretur,

237 2603 261 2640 6
292 2593 543 2639 Omnibus:
576 2592 783 2638 omnium
807 2594 862 2638 ci.
881 2592 1221 2639 Phillimorius:
1256 2590 1578 2637 communibus
1602 2593 1656 2637 ci.
1676 2591 1819 2638 Saen-

117 2667 197 2714 9er
284 2663 332 2698 ιο
361 2668 446 2698 nec
478 2653 565 2698 ¹²:
601 2666 681 2697 vec
770 2662 812 2696 ιι
845 2650 1062 2698 Priscilla
1093 2668 1142 2703 ςε
1176 2650 1431 2710 priscillam
1526 2659 1572 2694 ιο
1606 2664 1739 2696 usum
1769 2667 1818 2702 ςι

120 2713 288 2759 visum:
315 2727 390 2759 me
414 2713 562 2758 visum
582 2713 823 2758 Krohm'us
913 2720 957 2756 12
983 2714 1164 2757 tamen:
1189 2713 1348 2756 tamen
1373 2710 1513 2756 talem
1535 2711 1761 2757 Bar-thius

113 2778 218 2832 poet
247 2773 453 2819 nondum
487 2773 571 2817 lac.
595 2777 699 2818 stat.
725 2771 924 2831 Saenqer

236 2831 269 2878 Ῑ.
298 2847 546 2878 κνγοιῡιοκ
569 2847 611 2876 is
629 2846 888 2876 valseium«
906 2846 1086 2876 vxonu
1178 2829 1505 2889 <Abascanti>
1523 2842 1714 2875 uxorem
1732 2846 1759 2880 ς

120 2900 140 2937 ι
172 2891 366 2952 fingere:
398 2891 592 2951 pingere
625 2891 867 2938 Krohnius
957 2901 978 2935 4
1012 2891 1216 2936 meretur
1245 2889 1332 2933 1³:
1365 2892 1572 2934 moretur

1491 2964 1548 3006 90
