2034 3126
773 105 1118 152 PRAEFATIO
1607 106 1796 151 LXXIH

72 250 448 312 'transcriptum
497 248 836 313 cognovimus.
906 249 1058 311 atque
1106 263 1218 296 cum
1256 247 1309 294 in
1350 263 1407 296 eo
1446 248 1648 296 unicum
1685 249 1798 296 fun·

94 323 382 373 damentum
409 325 576 372 textus
601 322 934 371 constituendi
959 323 1027 370 sit
1048 322 1270 385 positum
1292 348 1366 355 —
1391 324 1595 384 excepto
1621 338 1798 386 nempe

92 398 141 446 Π
177 402 233 459 7,
276 398 329 446 in
373 413 471 460 quo
513 396 796 459 antiquiore
835 396 964 446 libro
1007 393 1043 446 L
1082 397 1159 444 uti
1198 396 1318 445 licet
1346 423 1421 429 -—-
1454 397 1602 458 quale
1644 398 1798 446 fuerit

94 472 346 536 exemplar
369 465 482 539 (X),
513 471 644 519 unde
672 470 926 520 descendit
948 471 1272 526 MatritensiS,
1306 486 1615 533 quaeramus.
1675 471 1795 520 San-

90 547 362 611 gallensem
401 547 534 594 hunc
574 545 794 595 codicem
832 546 984 610 vulgo
1023 547 1332 594 vocaverunt
1370 544 1466 593 viri
1508 545 1663 606 doc‘ti,
1712 547 1799 595 sed

92 620 342 670 Krohnius
380 620 576 669 monuit
617 619 677 668 de
715 620 810 668 hoc
848 622 1047 669 nomine
1086 619 1430 669 testimonium
1462 621 1654 669 exstare
1686 621 1796 668 nul-

91 696 213 743 lum.
269 712 386 744 nam
418 711 476 743 ex
499 693 674 743 Valeri
696 694 864 743 Flacci
896 694 1259 758 subscriptione
1285 693 1414 742 nihil
1436 693 1564 743 lucri
1587 697 1798 758 capitur,

93 786 205 818 cum
237 770 368 818 hunc
398 785 499 818 una
532 786 643 819 cum
666 769 883 818 Asconio
915 786 1015 818 non
1047 769 1219 818 eodem
1246 770 1469 832 tempore
1496 785 1593 831 quo
1619 769 1799 818 Silium

94 843 257 893 Silvas
304 843 569 893 Manilium
614 843 864 892 invenerit
909 837 1190 911 PoggiuS.¹)
1259 859 1419 906 neque
1465 844 1627 892 ullum
1672 844 1799 892 mihi

93 919 315 968 innotuit
343 918 702 979 testimonium,
734 934 832 980 quo
864 917 955 967 hos
988 934 1184 981 quoque
1213 920 1389 981 poetas
1416 918 1471 967 in
1495 920 1798 968 monasterio

90 991 261 1041 Sancti
298 992 435 1042 Galli
470 995 696 1056 repertos
736 1008 841 1042 esse
881 986 1309 1059 demonstreturss)
1375 992 1695 1055 quamobrem
1735 994 1796 1041 de

88 1067 199 1116 loco
231 1067 574 1130 quaestionem
605 1083 924 1130 seponamus;
958 1067 1018 1115 de
1050 1071 1272 1130 tempore
1305 1069 1427 1116 satis
1453 1069 1665 1129 constat,
1697 1084 1796 1131 quo

89 1140 256 1190 Silvae
288 1158 402 1191 cum
433 1141 559 1191 Silio
582 1142 890 1205 Manilioque
919 1141 1021 1191 luci
1051 1145 1169 1191 sunt
1197 1141 1434 1191 redditae.

162 1217 264 1265 iam
302 1220 361 1265 ut
398 1216 459 1265 de
499 1218 741 1265 exteriore
780 1217 942 1265 forma
981 1216 1164 1267 codicis
1195 1211 1246 1266 X
1275 1216 1494 1279 primum
1526 1216 1647 1280 quid
1678 1218 1797 1266 sciri

90 1306 235 1354 posse
267 1290 497 1340 videatur
527 1291 769 1352 dicamuS,
799 1291 1051 1340 Krohnius
1083 1291 1281 1341 circiter
1313 1291 1646 1356 quadragenis
1675 1308 1796 1355 qua-

11 1373 14 1380 ’
86 1365 245 1414 ternis
289 1365 515 1415 versibus
561 1365 773 1430 paginas
820 1367 929 1415 eius
977 1365 1283 1430 conscriptas
1328 1367 1482 1414 fuisse
1529 1368 1794 1430 perspexit.

86 1439 140 1488 id
178 1440 313 1503 quod
352 1456 444 1503 pro
483 1443 619 1490 certo
650 1440 867 1489 efficitur
897 1457 957 1489 ex
988 1444 1109 1490 nota
1139 1441 1408 1505 marginali
1438 1439 1503 1488 ad
1533 1440 1606 1489 IV
1641 1443 1688 1503 3,
1724 1442 1792 1490 78

6 1548 13 1578 ·.
87 1518 139 1563 et
180 1516 247 1563 79
289 1514 486 1577 addita,
525 1530 654 1578 quae
694 1514 759 1563 ad
797 1532 843 1565 v.
878 1516 946 1564 35
988 1516 1247 1565 referenda
1282 1518 1377 1564 est:
1419 1515 1552 1578 quod
1582 1515 1654 1564 ibi
1684 1532 1793 1579 per-

12 1638 17 1645 ,
84 1604 258 1652 peram
298 1589 350 1637 in
390 1592 531 1639 textu
568 1590 757 1654 legitur
793 1590 946 1653 Repit
981 1591 1027 1639 h.
1054 1607 1093 1639 e.
1119 1591 1337 1652 Reperit,
1377 1590 1644 1654 corrigitur
1673 1606 1794 1640 voce

10 1658 19 1701 ἶ
85 1663 235 1725 Repu
278 1664 546 1727 adscripta.
616 1664 747 1713 unde
795 1665 1041 1714 conclusit
1077 1664 1333 1714 Krohnius
1380 1665 1504 1713 duas
1551 1665 1702 1714 fuisse
1740 1667 1795 1714 in

12 1761 21 1784 ι
85 1737 175 1787 illo
206 1738 334 1787 libro
367 1739 636 1788 columnas.
691 1739 744 1787 id
776 1739 909 1802 quod
941 1740 1255 1789 verissimum
1287 1742 1364 1788 est
1389 1740 1444 1788 in
1468 1740 1538 1789 eis
1563 1739 1794 1789 carmini-

9 1814 28 1910 ἶ
85 1810 200 1874 bus,
243 1829 371 1875 quae
411 1813 841 1877 hendecasyllabis
881 1815 1163 1878 conscripta
1200 1817 1329 1863 sunt.
1394 1814 1479 1863 sed
1518 1814 1578 1863 de
1617 1815 1793 1864 ceteris

85 1887 206 1937 licet
243 1887 374 1936 idem
413 1889 482 1938 sit
517 1889 622 1938 veri
661 1889 995 1951 simillimum,
1036 1891 1225 1938 certum
1259 1889 1501 1938 iudicium
1532 1889 1661 1938 ferre
1693 1906 1793 1939 non

12 1925 23 2048 ξ
86 1962 262 2012 ausim.
323 1978 438 2011 nam
481 1979 608 2026 quae
640 1963 890 2012 Krohnius
930 1964 1145 2027 protulit
1183 1964 1432 2027 exempla,
1472 1964 1532 2012 de
1573 1965 1644 2013 eis
1676 1963 1795 2014 licet

24 2070 26 2074 ψ
85 2035 329 2085 dubitare.
383 2037 431 2084 V
459 2040 504 2099 1,
530 2038 597 2086 81
632 2054 724 2101 pro
756 2038 974 2102 genuina
1000 2039 1214 2088 lectione
1239 2043 1405 2088 auster
1427 2039 1479 2087 in
1505 2041 1792 2088 contextum

15 2078 33 2201 ζ
84 2110 297 2174 inrepsit
342 2115 502 2161 arctos
548 2112 681 2175 quod
727 2112 893 2162 versui
944 2115 1046 2162 127
1097 2113 1404 2176 adscriptum
1450 2113 1606 2162 fuisse
1650 2113 1702 2161 in
1741 2107 1792 2163 X

16 2195 23 2226 f
85 2184 340 2235 Krohnius
387 2186 453 2235 ad
499 2187 763 2237 lectionem
809 2192 974 2236 arctus
1020 2187 1393 2237 emendandam.
1464 2187 1551 2237 sed
1588 2189 1646 2237 ut
1684 2188 1791 2253 ipse

84 2259 229 2322 vidit,
261 2260 312 2308 in
336 2255 384 2310 Μ
418 2260 489 2309 ibi
521 2265 679 2311 arctos
709 2265 890 2325 exstat,
920 2262 995 2311 ita
1025 2265 1085 2311 ut
1117 2262 1239 2326 quid
1272 2262 1366 2312 sibi
1398 2262 1524 2312 velit
1549 2265 1791 2312 correctio

16 2281 37 2406 ξ
84 2349 185 2384 non
217 2334 427 2398 liqueat.
482 2335 677 2386 accedit
709 2337 844 2400 quod
875 2354 919 2387 v.
942 2336 988 2383 V
1016 2341 1064 2398 1,
1090 2339 1308 2387 82—-84
1341 2337 1394 2385 in
1425 2337 1522 2386 fine
1554 2337 1789 2402 gravissi·

84 2408 180 2458 mis
225 2409 419 2459 mendis
464 2409 711 2462 laborant.
781 2412 1106 2475 quamobrem
1144 2411 1250 2461 veri
1290 2411 1453 2461 simile
1493 2415 1570 2461 est
1608 2411 1790 2461 damno

86 2483 348 2546 exteriore,
378 2487 439 2533 ut
462 2485 536 2534 ita
560 2484 737 2549 dicam,
766 2486 940 2536 eodem
965 2502 1063 2550 quo
1089 2486 1135 2534 V
1164 2489 1209 2549 1,
1236 2487 1471 2550 82—84‚
1497 2489 1791 2550 corruptum

20 2588 38 2612 ‚·
85 2572 191 2607 esse
223 2557 371 2607 finem
404 2574 578 2608 versus
610 2560 697 2623 81,
729 2576 882 2624 quam
913 2561 1081 2626 glossa
1112 2560 1165 2609 in
1195 2563 1392 2610 textum
1424 2561 1635 2625 inlapsa.
1692 2578 1790 2610 non

83 2635 253 2682 tamen
284 2632 488 2682 videtur
518 2649 625 2684 esse
655 2634 1162 2699 praetermittendum
1194 2635 1406 2685 titulum
1436 2636 1616 2685 ultimo
1648 2635 1790 2684 tertii

19 2693 39 2823 l
83 2705 201 2756 libri
249 2707 467 2757 carmine
515 2707 742 2759 additum
790 2725 895 2759 esse
941 2726 1205 2774 perperam
1253 2726 1283 2759 a
1321 2710 1630 2760 rubricatore
1670 2709 1791 2759 VIA

162 2822 204 2876 1)
238 2820 295 2866 cf.
323 2819 462 2866 Clark
495 2819 525 2865 l.
551 2820 580 2865 1.
606 2824 779 2925 {4112st

14 2907 38 2937 ·ae
158 2881 205 2936 2)
236 2894 344 2925 nam
392 2879 566 2925 Asconi
669 2881 872 2926 orentini
926 2881 1101 2927 codicis
1150 2882 1435 2940 subscriptio
1483 2881 1603 2926 nihil
1649 2880 1788 2926 valet.

25 2947 42 2996 ζ
86 2937 144 2983 cf.
171 2937 406 2985 Krohnius
439 2940 566 2998 apud
591 2938 880 2986 Vollmerum
911 2956 956 2999 p.
981 2946 1052 2986 41.

11 3015 49 3126 r,
