2034 3126
681 74 995 121 saulum
1025 74 1075 120 L.
1098 73 1156 129 11,
1181 78 1206 118 τ
1722 58 1792 126 67

241 216 368 269 hinc
406 218 579 269 castae
617 215 839 268 titulum
876 214 1137 283 decusque
1175 211 1358 265 Pollae

242 290 475 343 iucunda
512 290 660 342 dabis
701 290 1052 342 adlocutione.

242 383 366 419 mox
405 367 593 435 coepta
629 367 937 434 generosior
973 365 1191 416 iuventa

244 441 392 494 albos
434 439 642 492 ossibus
680 439 832 492 Italis
871 438 1153 508 Philippos
1742 448 1798 488 65

243 518 296 567 et
332 514 639 568 Pharsalica
676 514 817 567 bella
855 513 1153 581 detonabis‚

242 589 386 659 quod
422 590 627 642 fulmen
666 589 813 642 ducis
850 591 992 641 inter
1031 605 1176 640 arma
1215 586 1345 655 divi,

243 665 488 718 libertate
525 682 743 734 gravem
778 666 871 734 pia
909 661 1166 717 Catonem

243 743 296 792 et
332 742 547 810 gratum
583 740 943 809 popularitate
980 737 1254 808 Magnum.

241 817 302 867 tu
341 814 604 867 Pelusiaci
643 815 811 867 scelus
853 811 1059 883 Canopi
1744 822 1800 862 '10

244 889 458 942 deflebis
496 892 619 959 pius
660 891 713 942 et
749 888 925 942 Pharo
965 889 1184 941 cruenta

243 963 498 1034 Pompeio
538 964 687 1017 dabis
728 965 889 1017 altius
931 964 1246 1033 sepulcrum.

242 1039 371 1092 haec
408 1043 583 1109 primo
620 1042 828 1092 iuvenis
869 1057 1023 1092 canes
1065 1037 1163 1091 sub
1204 1054 1355 1106 aev0,

243 1117 365 1167 ante
404 1132 572 1167 annos
613 1112 811 1168 Culicis
850 1113 1166 1167 Maroniani.
1645 1176 1648 1180 .

242 1189 389 1242 cedet
424 1188 582 1242 Musa
618 1189 765 1242 rudis
805 1189 994 1242 ferocis
1033 1187 1178 1241 Enni
1744 1199 1800 1239 75

243 1268 296 1317 et
334 1264 477 1318 docti
515 1265 666 1318 furor
703 1264 899 1317 arduus
939 1263 1173 1331 Lucreti,

243 1342 296 1392 et
334 1343 428 1410 qui
464 1358 561 1410 per
597 1340 735 1392 freta
772 1339 925 1392 duxit
963 1337 1330 1408 Argonautas,

242 1419 295 1467 et
333 1417 427 1484 qui
465 1432 688 1485 corpora
724 1418 899 1484 prima
935 1413 1297 1483 transfigurat.

243 1489 372 1559 quid
408 1493 580 1543 maius
619 1490 845 1560 loquar?
883 1492 1003 1559 ipsa
1039 1491 1092 1542 te
1131 1487 1337 1542 Latinis

243 1564 437 1618 Aeneis
476 1565 815 1618 venerabitur
853 1566 1142 1618 canentem.
1744 1574 1802 1615 80

241 1658 339 1693 nec
378 1640 553 1693 solum
592 1640 728 1694 dabo
768 1643 1063 1693 carminum
1098 1642 1352 1708 nitorem,

243 1714 335 1767 sed
371 1715 539 1768 taedis
577 1715 877 1786 genialibus
919 1715 1104 1768 dicabo

244 1789 454 1843 doctam
493 1794 651 1861 atque
688 1793 908 1860 ingenio
946 1793 1041 1843 tuo
1082 1789 1345 1859 decoram,

244 1866 456 1935 qualem
484 1865 683 1919 blanda
718 1865 900 1919 Venus
942 1865 1193 1935 daretque
1230 1864 1367 1918 Iuno

243 1940 438 2010 forma,
478 1942 842 2012 simplicitate,
882 1943 1153 2009 comitate,
1745 1951 1801 1992 85

244 2033 427 2084 censu,
467 2019 748 2086 sanguine,
787 2018 983 2087 gratia,
1022 2016 1228 2084 decore,

244 2093 298 2144 et
334 2094 538 2144 vestros
576 2091 909 2162 hymenaeon
947 2094 1070 2145 ante
1107 2093 1288 2161 postes

213 2215 264 2252 υ
286 2207 398 2253 hinc
422 2222 472 2258 5:
495 2206 621 2253 Huc:
646 2222 771 2253 nunc
796 2208 1039 2254 Krolmius
1129 2206 1259 2265 polle
1282 2211 1316 2250 1.
1406 2214 1458 2251 68
1481 2206 1686 2252 iocunda
1709 2211 1743 2251 L

94 2265 382 2313 allocutione
412 2271 459 2311 Ι
567 2276 619 2312 u
649 2268 873 2314 fat-salica
978 2276 1025 2311 02
1060 2267 1187 2325 qnod
1222 2267 1556 2312 Marklandus:
1590 2281 1682 2324 quo
1715 2282 1803 2325 quo

93 2331 271 2374 servato
302 2328 436 2373 talem
465 2329 560 2385 fere
587 2341 766 2375 versum
797 2329 1016 2374 excidisse
1105 2333 1147 2374 st
1177 2342 1216 2373 v.
1237 2330 1298 2371 67
1322 2328 1581 2373 arbivratwr
1602 2327 1805 2387 Saenyer

94 2386 225 2447 <hon
255 2386 453 2434 Romam
491 2386 687 2445 feriens,
724 2387 899 2434 volarit
936 2386 1038 2447 igni
1107 2387 1357 2433 admodwm
1379 2387 1685 2446 probabiliter

93 2450 973 2555 ahggmfusshzaffonmmn
973 2447 1359 2565 ἑεοῗὲξξωῑὲθό.
1350 2455 1499 2611 Χνεέἷε
1513 2449 1802 2564 ῗιῃῗάαὸἳῗ.

93 2568 174 2613 vit.
202 2567 329 2627 Very
339 2582 389 2626 p.
409 2571 564 2623 58,12
589 2569 726 2625 Reiff.
759 2582 867 2614 cum
898 2571 1022 2614 esset
1053 2582 1281 2613 annorum
1350 2566 1537 2611 XXVI
1570 2567 1638 2626 ley
1640 2568 1678 2611 it
1696 2572 1805 2626 post

99 2626 338 2673 Oudu‘num
361 2627 593 2684 (Ribbeck,
617 2629 828 2686 Append.
849 2629 1013 2688 Veryil.
1027 2631 1151 2674 1868
1160 2642 1207 2685 p
1220 2630 1296 2686 19)
1405 2628 1465 2673 ist
1423 2629 1522 2673 siue
1539 2628 1679 2673 Class.
1693 2628 1801 2673 Rev.

97 2690 158 2732 10
164 2690 339 2757 ο(1896)
365 2691 536 2745 p.182
638 2696 687 2732 το
716 2687 958 2734 Lucretius
991 2687 1199 2734 Setinius
1230 2703 1273 2732 m
1304 2689 1356 2733 in
1386 2702 1474 2747 my.
1577 2695 1624 2731 w
1657 2686 1802 2742 Quid.

96 2745 211 2803 qnin
241 2761 286 2791 ιιι
390 2746 559 2816 loquar
587 2751 643 2792 1.·
674 2746 842 2819 loquor
870 2752 916 2792 Π
1021 2748 1128 2806 ipsa
1157 2751 1223 2792 1:
1255 2747 1359 2817 ipse
1390 2752 1423 2791 1.
1523 2755 1572 2791 ss
1603 2745 1805 2815 geniali-

96 2803 184 2851 bn·
215 2821 265 2857 ς·
295 2806 586 2865 genitalibus
676 2815 727 2853 8⁸
749 2808 951 2879 ingenio·
964 2810 1047 2854 tuo
1068 2811 1134 2853 1:
1167 2806 1414 2866 ingenituo
1438 2811 1471 2851 1.
1562 2814 1612 2851 8⁸
1637 2805 1803 2866 sinpli-

96 2864 243 2911 citate
272 2821 330 2911 ιε
403 2867 606 2913 coniunx
636 2881 720 2925 egr
664 2867 829 2927 gregia
857 2883 902 2913 m
931 2870 985 2914 in
1015 2882 1101 2928 my.
1198 2875 1246 2912 87
1280 2867 1545 2925 hymeneon
1575 2870 1640 2913 1.
1673 2880 1802 2926 yme-

96 2937 219 2971 neon
248 2930 282 2970 1.
371 2930 531 2986 ponto·
561 2931 628 2973 1:
660 2930 796 2987 pote·
822 2927 890 2989 llll
918 2928 1030 2988 (fuit
1053 2929 1075 2973 t
1097 2942 1188 2973 rae.
1215 2928 1393 2987 loco)1.

1476 3018 1533 3063 ὁ.
