2034 3126
747 91 1091 138 PRAEFATIO
1665 92 1770 137 XIX

68 236 392 285 manifestum
422 234 491 283 fit„
538 236 593 283 in
623 234 874 283 nonnullis
900 233 1166 283 verborum
1190 233 1399 282 lacunae
1423 233 1486 282 ad
1509 234 1770 283 libidinem

67 311 293 373 expletae
323 311 455 358 sunt.
516 309 640 357 haec
672 311 842 357 autem
873 308 1100 371 exempla
1128 308 1350 370 profero:

139 384 167 434 I
192 386 241 445 6,
266 386 350 432 22.
379 385 446 432 23
487 384 540 431 in
578 378 630 432 Μ
667 383 719 430 in
757 382 854 430 fine
888 383 1106 448 paginae
1137 382 1405 432 collocatos
1439 398 1534 430 om.
1558 398 1617 447 γ,
1658 382 1767 432 add.

66 452 132 516 (Ρ
160 475 259 523 mg.

140 532 218 581 111
243 533 291 594 2,
319 533 609 581 134-136
643 531 715 580 sie
745 533 943 580 exstant
973 532 1028 578 in
1057 546 1115 596 γε

138 607 433 656 Incumbens
464 621 488 654 e
508 621 678 667 palme
713 620 870 653 novus
898 608 1185 667 servataque
1215 605 1411 655 reddes>

142 680 394 741 Colloquia
422 682 568 742 inque
597 682 747 729 vicem
778 681 1035 741 euphratre
1046 673 1087 746 ¹)
1122 684 1164 728 et
1195 680 1363 729 bactra
1394 694 1669 740 sacrasque.

64 758 204 805 ortus
235 758 401 804 autem
435 757 511 803 est
542 770 679 803 error
709 770 766 802 ex
796 754 1098 814 confusione,
1131 770 1281 816 quam
1306 753 1503 802 exhibet
1527 754 1680 804 codex
1701 749 1768 818 Μ,

64 830 150 879 nbi
182 831 254 879 sic
285 829 522 894 leguntur
551 829 606 877 hi
635 843 830 877 versus:

139 906 244 954 135
281 903 534 965 Golloquia
562 906 710 965 inque
739 905 891 952 vicem
920 903 1102 951 medios
1132 904 1453 952 narrabimus
1483 917 1641 951 annos

139 980 246 1028 134
277 979 573 1028 Ineumbens
612 992 797 1039 epuppe
825 992 981 1026 novus
1012 980 1301 1038 servataque
1330 977 1503 1026 reddes

139 1054 243 1102 136
280 1053 358 1102 Tu
394 1054 629 1114 rapidum
667 1055 890 1113 eufraten
930 1056 973 1100 et
1008 1054 1146 1114 reqia
1185 1053 1352 1101 bactra
1381 1066 1644 1113 sacrasque
1676 1053 1768 1101 ete.

59 1127 247 1177 litteris
283 1122 319 1176 l)
358 1130 409 1176 et
448 1138 483 1177 a
519 1127 840 1190 praescriptis
878 1128 987 1189 ipse
1025 1126 1262 1175 librarius
1303 1126 1355 1174 in
1395 1121 1445 1175 M
1485 1127 1659 1174 statim
1690 1143 1767 1176 or-

60 1202 226 1251 dinem
249 1202 522 1267 genuinum
544 1201 782 1263 restituit,
807 1217 956 1264 quem
981 1201 1216 1250 exhibent
1238 1195 1470 1251 FRBSU.
1508 1203 1768 1264 praeterea

60 1277 312 1327 omittitur
340 1278 394 1324 in
425 1291 463 1342 γ

131 1350 187 1400 Π
215 1368 290 1415 pr.
318 1353 386 1400 28
419 1351 619 1400 libenter

132 1425 207 1475 IV
237 1440 314 1490 pr.
341 1427 409 1474 22
444 1425 659 1474 alterum
693 1429 735 1473 et

132 1499 212 1549 111
237 1503 286 1561 2,
315 1502 383 1549 10
422 1500 558 1549 vobis
588 1494 725 1566 (add.
750 1493 813 1560 1²,
854 1515 1051 1548 versum
1085 1499 1340 1562 supplevit
1370 1499 1573 1562 proprio
1608 1500 1766 1548 Marte

59 1570 101 1633 Q
130 1575 224 1624 sie:
247 1578 524 1636 pontusque
544 1575 785 1636 polusque
814 1567 1054 1641 serenae.)

134 1649 212 1698 ΠΙ
238 1652 285 1711 2,
314 1651 380 1698 13
407 1650 550 1710 ponti
580 1642 813 1717 (omisere
845 1649 1017 1697 hiante
1050 1649 1233 1697 lacuna
1265 1643 1479 1710 GHPK,
1509 1650 1652 1698 divae
1683 1649 1768 1698 ad-

59 1724 229 1773 didere
260 1717 390 1790 1²12).

132 1798 211 1847 III
237 1799 285 1859 2,
310 1800 377 1847 51
430 1812 530 1847 ecee
577 1793 714 1864 (inde
763 1798 981 1862 margini
1027 1798 1209 1847 codicis
1249 1792 1291 1847 G
1338 1797 1667 1861 adscriptum,
1712 1801 1766 1847 in

0 1871 2 1874 ’
56 1873 278 1936 reliquos
317 1873 467 1922 huius
503 1873 727 1922 familiae
767 1873 922 1921 libros
959 1872 1219 1936 migravit,
1258 1874 1356 1921 nisi
1392 1873 1525 1935 quod
1557 1867 1607 1921 K
1636 1875 1767 1922 wnde

58 1941 299 2013 exhibet).

0 2008 4 2062 2¹
132 2022 210 2071 m
234 2025 282 2086 2,
311 2024 376 2071 76
423 2022 577 2071 hiems
615 2016 743 2089 (sine
782 2022 962 2071 lacuna
1001 2022 1209 2070 omisere
1250 2015 1386 2083 GHI,
1426 2023 1475 2069 in
1520 2016 1611 2079 KQ
1649 2025 1766 2071 ante

0 2146 3 2150 ,
56 2099 269 2147 surrexit
308 2097 491 2146 lacuna
526 2096 659 2159 hiat3
695 2097 861 2157 hyems
900 2096 1094 2146 addidit
1127 2090 1203 2158 (Ρ,
1240 2112 1377 2145 mare
1408 2099 1657 2146 corrector
1687 2112 1764 2146 eo-

57 2170 184 2221 dicis
216 2165 305 2238 K).

131 2245 211 2295 111
235 2248 286 2308 4,
311 2246 380 2295 58
417 2260 596 2308 yraves
633 2239 866 2313 (omisere
907 2246 1012 2294 sine
1052 2246 1234 2295 lacuna
1274 2239 1463 2307 GHIK,
1494 2260 1623 2306 puer
1653 2245 1766 2295 sub-

0 2389 9 2426 ἷ
132 2394 206 2444 IV
226 2399 272 2458 1,
298 2396 366 2444 45
408 2395 487 2444 dei
526 2388 603 2461 (in
636 2389 678 2445 G
715 2395 895 2458 lacuna
935 2395 1156 2445 indicata
1188 2394 1447 2455 omissum,
1487 2410 1605 2444 voce
1635 2397 1764 2456 fores

56 2469 110 2519 in
141 2471 368 2534 margine
401 2469 590 2531 addita,
621 2485 749 2532 quae
780 2471 1008 2519 manavit
1037 2471 1091 2518 in
1123 2469 1276 2518 libros
1307 2463 1511 2535 HIKQ).

133 2544 348 2594 addatur
386 2545 540 2594 etiam
577 2543 651 2592 IV
677 2546 725 2606 2,
751 2545 815 2593 61
861 2544 948 2592 ubi
981 2543 1035 2592 in
1067 2538 1107 2601 Q
1137 2543 1188 2591 id
1220 2544 1351 2608 quod
1385 2546 1656 2608 genuinum
1689 2548 1766 2593 est

58 2617 246 2668 Ionum
277 2622 462 2679 exstat,
492 2620 731 2668 omissum
763 2621 926 2682 spatio
959 2618 1134 2668 relicto
1166 2620 1218 2667 in
1253 2612 1433 2668 GHIK.

134 2708 262 2757 quae
292 2694 501 2743 lacunae
533 2693 718 2756 partim
749 2694 1067 2759 neglegentia
1098 2693 1290 2742 librarii
1323 2693 1444 2755 eine,
1477 2694 1562 2756 qui
1595 2692 1764 2742 arche-

58 2767 217 2832 typon
255 2768 403 2817 huius
435 2767 658 2817 familiae
689 2768 1006 2831 conscripsit,
1045 2771 1183 2817 ortae
1217 2771 1334 2817 sunt
1368 2794 1435 2802 -
1469 2783 1644 2830 nempe
1676 2766 1764 2816 ubi

137 2882 182 2937 1)
210 2879 278 2924 nic
304 2848 653 2951 ‹genapha-agen·
683 2883 759 2950 12·
777 2884 839 2950 -ῥῖ
862 2884 904 2925 1:
937 2881 1114 2937 eufrati
1137 2886 1195 2924 R:
1231 2882 1465 2936 Eufraten
1490 2884 1536 2930 Q.
1584 2879 1765 2925 omitti-

59 2940 138 2986 tur
166 2953 207 2984 v.
235 2941 365 2997 186l6
397 2943 540 2985 etiam
572 2954 621 2984 m
653 2939 867 2985 Parmno
900 2944 1031 2985 8282.

1397 3000 1494 3059 ‚b-
