2034 3126
281 98 384 150 156
885 93 935 138 P.
960 91 1166 137 PAPINI
1197 91 1372 135 STATI

275 253 387 286 non
425 233 708 286 formidata
745 234 1023 283 temeraria
1062 227 1308 281 Chalcide
1350 227 1563 295 Sappho
1574 268 1586 294 ,
1888 237 1975 276 155

278 326 515 376 quosque
556 309 687 359 alios
729 306 948 374 dignata
987 304 1179 371 chelys.
1241 305 1301 353 tu
1339 302 1568 370 pandere
1608 300 1791 352 doctus

279 386 511 434 carmina
548 380 830 433 Battiadae*
862 379 1195 445 latebrasque
1235 376 1599 445 Lycophronis
1641 377 1742 425 atri

281 456 663 525 Sophronaque
701 455 1022 522 implicitum
1060 455 1340 519 tenuisque
1380 468 1567 501 arcana
1607 446 1882 500 Corinnae.

280 531 370 584 sed
410 530 538 598 quid
577 547 739 598 parva
777 528 1004 595 loquor?
1066 529 1127 577 tu
1164 543 1261 594 par
1300 525 1546 576 adsuetus
1586 522 1819 574 Homero

278 606 412 656 ferre
450 608 638 672 iugum
679 620 936 670 senosque
975 600 1131 669 pedes
1173 617 1395 668 aequare
1436 599 1622 650 solutis
1891 607 1978 647 160

278 679 517 731 versibus
560 681 612 730 et
648 694 942 744 numquam
978 693 1140 744 passu
1177 675 1416 726 breviore
1455 673 1699 739 relinqui.

280 753 409 822 quid
446 756 662 819 mirum,
701 753 875 819 patria
915 753 960 802 si
999 752 1051 801 te
1089 751 1286 817 petiere
1324 748 1530 813 relicta,

281 846 412 896 quos
454 826 697 878 Lucanus
739 843 884 893 ager,
924 823 1086 892 rigidi
1126 841 1258 891 quos
1297 825 1482 890 iugera
1518 819 1718 886 Dauni,

281 920 412 970 quos
452 901 647 954 Veneri
685 901 896 968 plorata
934 898 1120 950 domus
1158 898 1503 965 neglectaque
1541 895 1700 946 tellus

280 975 499 1028 Alcidae
537 976 622 1027 vel
661 992 793 1043 quos
835 991 862 1025 e
900 975 1094 1024 vertice
1135 970 1446 1023 Surrentino
1895 978 1978 1018 165

279 1053 448 1102 mittit
487 1049 748 1118 Tyrrheni
789 1048 1109 1116 speculatrix
1147 1049 1299 1113 virgo
1339 1043 1614 1113 profundi,

282 1143 414 1193 quos
454 1127 703 1193 propiore
744 1126 864 1174 sinu
903 1123 1039 1173 lituo
1079 1137 1329 1188 remoque
1366 1121 1582 1170 notatus

282 1200 432 1252 collis
475 1201 526 1250 et
565 1196 794 1250 Ausonii
832 1196 1037 1265 pridem
1075 1196 1200 1246 laris
1241 1193 1456 1262 hospita
1495 1190 1657 1260 Cyme

283 1291 522 1342 quosque
559 1271 838 1324 Dicarchei
875 1273 1062 1339 portus
1102 1269 1407 1336 Baianaque
1445 1269 1669 1318 mittunt

281 1351 461 1415 litora,
503 1365 607 1415 qua
644 1345 830 1398 mediis
872 1346 977 1396 alte
1015 1347 1303 1412 permissus
1345 1342 1557 1393 anhelat
1899 1349 1985 1389 170

282 1426 424 1491 ignis
468 1425 618 1490 aquis
660 1423 711 1472 et
752 1422 935 1488 operta
975 1418 1156 1470 domos
1196 1416 1440 1469 incendia
1480 1415 1726 1468 servant?

286 1501 361 1550 sic
399 1497 465 1548 ad
503 1495 792 1547 Avernales
835 1494 1080 1562 scopulos
1122 1495 1173 1544 et
1213 1509 1377 1560 opaca
1417 1489 1649 1558 Sibyllae

286 1574 439 1623 antra
476 1573 758 1639 rogaturae
796 1568 1080 1621 veniebant
1118 1566 1354 1634 undique
1392 1568 1598 1633 gentes3

284 1647 380 1698 illa
417 1649 588 1697 minas
630 1644 810 1696 divum
848 1642 1237 1709 Parcarumque
1277 1643 1394 1692 acta
1433 1639 1651 1691 canebat

287 1723 525 1788 quamvis
568 1719 783 1786 decepto
823 1720 968 1769 vates
1007 1734 1119 1768 non
1156 1717 1309 1767 irrita
1346 1714 1576 1766 Phoebo.
1900 1723 1987 1763 175

284 1813 409 1846 111οΧ
449 1797 500 1845 et
538 1793 854 1845 Romuleam
894 1794 1113 1859 stirpem
1151 1807 1497 1858 proceresque
1536 1789 1744 1839 futuros

285 1872 506 1921 instruis
546 1871 708 1935 inque
746 1869 960 1935 patrum
998 1868 1225 1933 vestigia
1264 1864 1450 1915 ducere
1488 1865 1708 1931 perstas.

291 1944 388 1995 sub
427 1946 480 1994 te
518 1941 818 1993 Dardanius
858 1941 987 1992 facis
1030 1941 1332 2007 explorator
1373 1940 1606 2006 opertae,

288 2021 380 2086 qui
418 2016 694 2069 Diomedei
734 2017 868 2067 celat
906 2015 1198 2083 penetralia
1236 2014 1387 2081 furti,

407 2274 479 2309 155
498 2263 730 2309 calchide:
748 2264 962 2308 Leucade
979 2264 1133 2308 Italus
1149 2262 1358 2318 quidam:
1376 2259 1550 2304 Doride
1568 2260 1614 2315 (i.
1626 2260 1760 2315 mari)
1775 2258 1986 2317 Saenyer.

288 2327 397 2371 haee
419 2327 553 2383 viilyo
578 2326 630 2369 de
654 2324 839 2381 Sappho
862 2325 914 2368 in
938 2337 1062 2368 mare
1085 2337 1130 2367 se
1147 2322 1483 2378 praecipitante
1507 2319 1753 2374 accipiunt.
1778 2319 1854 2362 sed
1877 2332 1988 2362 nam

288 2388 370 2431 hoc
399 2387 603 2439 virorum
631 2384 872 2440 proprium
903 2382 997 2428 est?
1029 2386 1182 2438 itaque
1205 2381 1306 2425 vide
1330 2381 1510 2424 dicatae
1527 2384 1662 2436 poeta
1685 2377 1871 2435 Sappho
1894 2391 1989 2421 non

288 2447 432 2501 fuisse
462 2445 711 2489 veritaram
747 2443 958 2488 Chalcide
989 2456 1091 2486 cam
1122 2441 1322 2485 Homero
1354 2439 1640 2495 Hesiodoqae
1671 2443 1840 2481 certare

290 2514 363 2548 156
389 2504 573 2548 doctus:
609 2502 735 2546 docti
761 2503 1076 2547 Marklandas
1164 2508 1233 2543 157
1261 2499 1353 2544 atri
1377 2513 1425 2548 ςε
1459 2497 1546 2542 ari:
1582 2497 1673 2541 arti
1695 2497 1930 2541 Baehrens

289 2573 358 2607 161
392 2563 614 2607 Versibus
646 2562 862 2619 (explicat
885 2562 979 2606 Leo
1011 2564 1135 2606 1892
1158 2574 1207 2616 p.
1225 2562 1302 2614 20,
1334 2559 1410 2603 sed
1426 2562 1636 2614 praestat
1659 2556 1822 2600 solutis
1847 2555 1988 2599 versi·
2027 2554 2034 2580 s

290 2624 379 2667 bus
388 2623 675 2680 conianqere)
686 2640 696 2665 ι
710 2636 764 2664 vo
770 2621 900 2665 cibus
913 2622 975 2665 M
972 2621 1228 2664 arkla‘ndus
1238 2638 1247 2663 ι
1263 2617 1473 2662 sensibus
1484 2616 1683 2674 Saenyer
1737 2624 1809 2658 166
1818 2614 1987 2659 Mittit:

291 2682 420 2726 mitis
453 2684 507 2727 ci.
533 2682 871 2727 Phillimorias:
905 2679 1086 2736 inclyta
1117 2679 1316 2736 Saenyer
1415 2685 1487 2720 168
1520 2675 1682 2720 ausoni
1781 2683 1854 2717 170
1883 2688 1989 2731 per-
2030 2726 2034 2729 ι

290 2742 480 2786 missus:
514 2739 771 2798 permixtus
805 2755 851 2789 ςι
885 2738 1156 2796 praeclusus
1189 2738 1389 2795 Saenyer
1498 2744 1567 2779 171
1601 2748 1745 2790 aquas
1778 2735 1878 2787 (del.
1905 2733 1987 2789 ΠΙ)
2027 2735 2030 2739 ’

293 2801 427 2857 aquis
580 2800 740 2843 domos
777 2800 850 2855 (cf.
876 2800 1085 2843 Klotzius
1116 2801 1239 2842 1896
1263 2812 1311 2854 p.
1341 2799 1435 2853 65):
1477 2795 1641 2839 domus
1677 2795 1870 2839 Craceas
2027 2846 2031 2852 .

291 2870 363 2904 174
397 2861 554 2903 divum
587 2874 634 2909 ς;
669 2859 812 2902 duum
941 2858 1142 2902 canebat
1173 2871 1220 2906 ς;
1255 2856 1487 2900 canebant
1612 2861 1684 2896 178
1716 2855 1906 2910 opertae
1938 2866 1986 2906 32:

293 2921 486 2977 opor-tae
