<?xml version="1.0" encoding="UTF-8"?>
<!DOCTYPE html PUBLIC "-//W3C//DTD XHTML 1.0 Transitional//EN"
    "http://www.w3.org/TR/xhtml1/DTD/xhtml1-transitional.dtd">
<html xmlns="http://www.w3.org/1999/xhtml" xml:lang="en" lang="en">
 <head>
  <title>
</title>
<meta http-equiv="Content-Type" content="text/html;charset=utf-8" />
  <meta name='ocr-system' content='tesseract 3.04.00' />
  <meta name='ocr-capabilities' content='ocr_page ocr_carea ocr_par ocr_line ocrx_word'/>
</head>
<body>
  <div class='ocr_page' id='page_1' title='image "./ppapinistatisilv00statuoft_0231.png"; bbox 0 0 2034 3126; ppageno 0'>
   <div class='ocr_carea' id='block_1_1' title="bbox 0 0 59 2682">
    <p class='ocr_par' dir='ltr' id='par_1_1' title="bbox 0 0 59 2682">
     <span class='ocr_line' id='line_1_1' title="bbox 0 0 59 2682; baseline 0 0"><span class='ocrx_word' id='word_1_1' title='bbox 0 0 59 2682; x_wconf 95' lang='lat' dir='ltr'><strong> </strong></span> 
     </span>
    </p>
   </div>
   <div class='ocr_carea' id='block_1_2' title="bbox 688 69 1815 124">
    <p class='ocr_par' dir='ltr' id='par_1_2' title="bbox 688 69 1815 124">
     <span class='ocr_line' id='line_1_2' title="bbox 688 69 1815 124; baseline 0.006 -9"><span class='ocrx_word' id='word_1_2' title='bbox 688 69 1000 115; x_wconf 75' lang='lat' dir='ltr'><strong>SILVARUM</strong></span> <span class='ocrx_word' id='word_1_3' title='bbox 1029 69 1079 114; x_wconf 84' lang='lat' dir='ltr'><strong>L.</strong></span> <span class='ocrx_word' id='word_1_4' title='bbox 1105 69 1184 124; x_wconf 86' lang='lat' dir='ltr'><strong>IV,</strong></span> <span class='ocrx_word' id='word_1_5' title='bbox 1208 73 1235 113; x_wconf 91' lang='grc'><strong><em>8</em></strong></span> <span class='ocrx_word' id='word_1_6' title='bbox 1707 69 1815 122; x_wconf 58' lang='lat'><strong>122=</strong></span> 
     </span>
    </p>
   </div>
   <div class='ocr_carea' id='block_1_3' title="bbox 105 206 1822 1676">
    <p class='ocr_par' dir='ltr' id='par_1_3' title="bbox 108 206 1820 410">
     <span class='ocr_line' id='line_1_3' title="bbox 108 206 1388 278; baseline -0.002 -18"><span class='ocrx_word' id='word_1_7' title='bbox 108 212 248 261; x_wconf 89' lang='lat' dir='ltr'><strong>inter</strong></span> <span class='ocrx_word' id='word_1_8' title='bbox 286 207 603 278; x_wconf 83' lang='lat' dir='ltr'><strong>Amyclaeos</strong></span> <span class='ocrx_word' id='word_1_9' title='bbox 634 206 879 276; x_wconf 88' lang='lat' dir='ltr'><strong>reptabat</strong></span> <span class='ocrx_word' id='word_1_10' title='bbox 916 206 1139 259; x_wconf 89' lang='lat' dir='ltr'><strong>candida</strong></span> <span class='ocrx_word' id='word_1_11' title='bbox 1177 207 1388 274; x_wconf 84' lang='lat' dir='ltr'><strong>fratres3</strong></span> 
     </span>
     <span class='ocr_line' id='line_1_4' title="bbox 109 280 1820 352; baseline 0 -17"><span class='ocrx_word' id='word_1_12' title='bbox 109 285 194 335; x_wconf 91' lang='lat' dir='ltr'><strong>vel</strong></span> <span class='ocrx_word' id='word_1_13' title='bbox 233 285 406 352; x_wconf 89' lang='lat' dir='ltr'><strong>qualis</strong></span> <span class='ocrx_word' id='word_1_14' title='bbox 447 283 578 335; x_wconf 90' lang='lat' dir='ltr'><strong>caeli</strong></span> <span class='ocrx_word' id='word_1_15' title='bbox 616 282 776 334; x_wconf 86' lang='lat' dir='ltr'><strong>facies</strong></span> <span class='ocrx_word' id='word_1_16' title='bbox 786 322 799 348; x_wconf 89' lang='lat'><strong><em>,</em></strong></span> <span class='ocrx_word' id='word_1_17' title='bbox 838 280 932 333; x_wconf 89' lang='lat' dir='ltr'><strong>ubi</strong></span> <span class='ocrx_word' id='word_1_18' title='bbox 969 283 1126 333; x_wconf 89' lang='lat' dir='ltr'><strong>nocte</strong></span> <span class='ocrx_word' id='word_1_19' title='bbox 1165 298 1349 334; x_wconf 88' lang='lat' dir='ltr'><strong>serena</strong></span> <span class='ocrx_word' id='word_1_20' title='bbox 1756 293 1820 335; x_wconf 80' lang='lat'><strong>30·</strong></span> 
     </span>
     <span class='ocr_line' id='line_1_5' title="bbox 110 355 1383 410; baseline -0.002 -1"><span class='ocrx_word' id='word_1_21' title='bbox 110 357 387 410; x_wconf 85' lang='lat' dir='ltr'><strong>admovere</strong></span> <span class='ocrx_word' id='word_1_22' title='bbox 422 356 578 409; x_wconf 89' lang='lat' dir='ltr'><strong>iubar</strong></span> <span class='ocrx_word' id='word_1_23' title='bbox 614 355 816 408; x_wconf 89' lang='lat' dir='ltr'><strong>mediae</strong></span> <span class='ocrx_word' id='word_1_24' title='bbox 856 355 960 408; x_wconf 92' lang='lat' dir='ltr'><strong>duo</strong></span> <span class='ocrx_word' id='word_1_25' title='bbox 1002 355 1173 408; x_wconf 88' lang='lat' dir='ltr'><strong>sidera</strong></span> <span class='ocrx_word' id='word_1_26' title='bbox 1210 356 1383 407; x_wconf 88' lang='lat' dir='ltr'><strong>lunae.</strong></span> 
     </span>
    </p>

    <p class='ocr_par' dir='ltr' id='par_1_4' title="bbox 105 430 1822 1394">
     <span class='ocr_line' id='line_1_6' title="bbox 223 430 1816 501; baseline -0.002 -17"><span class='ocrx_word' id='word_1_27' title='bbox 223 431 313 484; x_wconf 89' lang='lat' dir='ltr'><strong>sed</strong></span> <span class='ocrx_word' id='word_1_28' title='bbox 344 448 537 501; x_wconf 90' lang='lat' dir='ltr'><strong>queror</strong></span> <span class='ocrx_word' id='word_1_29' title='bbox 565 430 710 482; x_wconf 89' lang='lat' dir='ltr'><strong>haud</strong></span> <span class='ocrx_word' id='word_1_30' title='bbox 740 431 943 497; x_wconf 88' lang='lat' dir='ltr'><strong>faciles,</strong></span> <span class='ocrx_word' id='word_1_31' title='bbox 982 433 1235 482; x_wconf 91' lang='lat' dir='ltr'><strong>iuvenum</strong></span> <span class='ocrx_word' id='word_1_32' title='bbox 1265 432 1553 497; x_wconf 80' lang='lat' dir='ltr'><strong>rarissime,</strong></span> <span class='ocrx_word' id='word_1_33' title='bbox 1593 433 1816 499; x_wconf 85' lang='lat' dir='ltr'><strong>questus</strong></span> 
     </span>
     <span class='ocr_line' id='line_1_7' title="bbox 108 506 1562 574; baseline -0.001 -16"><span class='ocrx_word' id='word_1_34' title='bbox 108 509 411 574; x_wconf 77' lang='lat' dir='ltr'><strong>irascorque</strong></span> <span class='ocrx_word' id='word_1_35' title='bbox 449 508 630 571; x_wconf 84' lang='lat' dir='ltr'><strong>etiam,</strong></span> <span class='ocrx_word' id='word_1_36' title='bbox 670 507 931 573; x_wconf 88' lang='lat' dir='ltr'><strong>quantum</strong></span> <span class='ocrx_word' id='word_1_37' title='bbox 968 507 1271 556; x_wconf 88' lang='lat' dir='ltr'><strong>irascuntur</strong></span> <span class='ocrx_word' id='word_1_38' title='bbox 1308 506 1562 557; x_wconf 80' lang='lat' dir='ltr'><strong>amantes,</strong></span> 
     </span>
     <span class='ocr_line' id='line_1_8' title="bbox 107 578 1325 647; baseline -0.002 -15"><span class='ocrx_word' id='word_1_39' title='bbox 107 583 325 632; x_wconf 86' lang='lat' dir='ltr'><strong>tantane</strong></span> <span class='ocrx_word' id='word_1_40' title='bbox 363 598 447 632; x_wconf 89' lang='lat' dir='ltr'><strong>me</strong></span> <span class='ocrx_word' id='word_1_41' title='bbox 486 579 662 631; x_wconf 78' lang='lat' dir='ltr'><strong>decuit</strong></span> <span class='ocrx_word' id='word_1_42' title='bbox 698 580 910 647; x_wconf 91' lang='lat' dir='ltr'><strong>vulgari</strong></span> <span class='ocrx_word' id='word_1_43' title='bbox 949 578 1146 647; x_wconf 91' lang='lat' dir='ltr'><strong>gaudia</strong></span> <span class='ocrx_word' id='word_1_44' title='bbox 1182 579 1325 630; x_wconf 88' lang='lat' dir='ltr'><strong>fama</strong></span> 
     </span>
     <span class='ocr_line' id='line_1_9' title="bbox 107 653 1821 722; baseline -0.002 -15"><span class='ocrx_word' id='word_1_45' title='bbox 107 655 361 707; x_wconf 74' lang='lat' dir='ltr'><strong>noscere?</strong></span> <span class='ocrx_word' id='word_1_46' title='bbox 422 672 646 722; x_wconf 91' lang='lat' dir='ltr'><strong>cumque</strong></span> <span class='ocrx_word' id='word_1_47' title='bbox 684 653 785 705; x_wconf 88' lang='lat' dir='ltr'><strong>tibi</strong></span> <span class='ocrx_word' id='word_1_48' title='bbox 823 656 1030 722; x_wconf 80' lang='lat' dir='ltr'><strong>vagiret</strong></span> <span class='ocrx_word' id='word_1_49' title='bbox 1067 655 1255 705; x_wconf 88' lang='lat' dir='ltr'><strong>tertius</strong></span> <span class='ocrx_word' id='word_1_50' title='bbox 1295 653 1496 721; x_wconf 88' lang='lat' dir='ltr'><strong>infans,</strong></span> <span class='ocrx_word' id='word_1_51' title='bbox 1755 665 1821 705; x_wconf 65' lang='grc'><strong>35,</strong></span> 
     </span>
     <span class='ocr_line' id='line_1_10' title="bbox 107 730 1361 798; baseline -0.002 -17"><span class='ocrx_word' id='word_1_52' title='bbox 107 732 354 798; x_wconf 84' lang='lat' dir='ltr'><strong>protinus</strong></span> <span class='ocrx_word' id='word_1_53' title='bbox 393 731 603 798; x_wconf 77' lang='lat' dir='ltr'><strong>ingenti</strong></span> <span class='ocrx_word' id='word_1_54' title='bbox 639 745 751 780; x_wconf 92' lang='lat' dir='ltr'><strong>non</strong></span> <span class='ocrx_word' id='word_1_55' title='bbox 789 731 936 779; x_wconf 89' lang='lat' dir='ltr'><strong>venit</strong></span> <span class='ocrx_word' id='word_1_56' title='bbox 972 730 1165 779; x_wconf 84' lang='lat' dir='ltr'><strong>nuntia</strong></span> <span class='ocrx_word' id='word_1_57' title='bbox 1204 745 1361 780; x_wconf 90' lang='lat' dir='ltr'><strong>cursu</strong></span> 
     </span>
     <span class='ocr_line' id='line_1_11' title="bbox 107 802 1480 872; baseline -0.001 -17"><span class='ocrx_word' id='word_1_58' title='bbox 107 804 307 870; x_wconf 86' lang='lat' dir='ltr'><strong>littera,</strong></span> <span class='ocrx_word' id='word_1_59' title='bbox 347 821 481 872; x_wconf 88' lang='lat' dir='ltr'><strong>quae</strong></span> <span class='ocrx_word' id='word_1_60' title='bbox 518 803 683 855; x_wconf 90' lang='lat' dir='ltr'><strong>festos</strong></span> <span class='ocrx_word' id='word_1_61' title='bbox 724 803 993 855; x_wconf 86' lang='lat' dir='ltr'><strong>cumulare</strong></span> <span class='ocrx_word' id='word_1_62' title='bbox 1033 802 1289 854; x_wconf 89' lang='lat' dir='ltr'><strong>altaribus</strong></span> <span class='ocrx_word' id='word_1_63' title='bbox 1327 805 1480 871; x_wconf 91' lang='lat' dir='ltr'><strong>ignes</strong></span> 
     </span>
     <span class='ocr_line' id='line_1_12' title="bbox 107 876 1467 946; baseline -0.001 -16"><span class='ocrx_word' id='word_1_64' title='bbox 107 881 159 930; x_wconf 89' lang='lat' dir='ltr'><strong>et</strong></span> <span class='ocrx_word' id='word_1_65' title='bbox 198 878 442 930; x_wconf 87' lang='lat' dir='ltr'><strong>redimire</strong></span> <span class='ocrx_word' id='word_1_66' title='bbox 481 877 672 946; x_wconf 83' lang='lat' dir='ltr'><strong>chelyn</strong></span> <span class='ocrx_word' id='word_1_67' title='bbox 709 879 995 946; x_wconf 88' lang='lat' dir='ltr'><strong>postesque</strong></span> <span class='ocrx_word' id='word_1_68' title='bbox 1035 894 1223 929; x_wconf 91' lang='lat' dir='ltr'><strong>ornare</strong></span> <span class='ocrx_word' id='word_1_69' title='bbox 1260 876 1467 929; x_wconf 90' lang='lat' dir='ltr'><strong>iuberet</strong></span> 
     </span>
     <span class='ocr_line' id='line_1_13' title="bbox 107 951 1457 1021; baseline -0.001 -17"><span class='ocrx_word' id='word_1_70' title='bbox 107 951 426 1021; x_wconf 87' lang='lat' dir='ltr'><strong>Albanoque</strong></span> <span class='ocrx_word' id='word_1_71' title='bbox 464 951 652 1004; x_wconf 92' lang='lat' dir='ltr'><strong>cadum</strong></span> <span class='ocrx_word' id='word_1_72' title='bbox 692 951 992 1004; x_wconf 88' lang='lat' dir='ltr'><strong>sordentem</strong></span> <span class='ocrx_word' id='word_1_73' title='bbox 1029 969 1271 1020; x_wconf 90' lang='lat' dir='ltr'><strong>promere</strong></span> <span class='ocrx_word' id='word_1_74' title='bbox 1309 951 1457 1003; x_wconf 84' lang='lat' dir='ltr'><strong>fumo</strong></span> 
     </span>
     <span class='ocr_line' id='line_1_14' title="bbox 108 1025 1822 1096; baseline 0 -18"><span class='ocrx_word' id='word_1_75' title='bbox 108 1030 160 1078; x_wconf 87' lang='lat' dir='ltr'><strong>et</strong></span> <span class='ocrx_word' id='word_1_76' title='bbox 199 1029 358 1079; x_wconf 85' lang='lat' dir='ltr'><strong>cantu</strong></span> <span class='ocrx_word' id='word_1_77' title='bbox 398 1029 610 1096; x_wconf 87' lang='lat' dir='ltr'><strong>signare</strong></span> <span class='ocrx_word' id='word_1_78' title='bbox 650 1025 809 1093; x_wconf 88' lang='lat' dir='ltr'><strong>diem,</strong></span> <span class='ocrx_word' id='word_1_79' title='bbox 851 1025 942 1077; x_wconf 92' lang='lat' dir='ltr'><strong>sed</strong></span> <span class='ocrx_word' id='word_1_80' title='bbox 979 1025 1162 1077; x_wconf 90' lang='lat' dir='ltr'><strong>tardus</strong></span> <span class='ocrx_word' id='word_1_81' title='bbox 1201 1028 1449 1094; x_wconf 90' lang='lat' dir='ltr'><strong>inersque</strong></span> <span class='ocrx_word' id='word_1_82' title='bbox 1753 1039 1822 1078; x_wconf 76' lang='lat'><strong>40·</strong></span> 
     </span>
     <span class='ocr_line' id='line_1_15' title="bbox 105 1100 1644 1169; baseline -0.001 -16"><span class='ocrx_word' id='word_1_83' title='bbox 105 1119 250 1153; x_wconf 92' lang='lat' dir='ltr'><strong>nunc</strong></span> <span class='ocrx_word' id='word_1_84' title='bbox 289 1100 500 1153; x_wconf 89' lang='lat' dir='ltr'><strong>demum</strong></span> <span class='ocrx_word' id='word_1_85' title='bbox 537 1118 655 1153; x_wconf 90' lang='lat' dir='ltr'><strong>mea</strong></span> <span class='ocrx_word' id='word_1_86' title='bbox 691 1103 818 1153; x_wconf 91' lang='lat' dir='ltr'><strong>vota</strong></span> <span class='ocrx_word' id='word_1_87' title='bbox 856 1101 1024 1153; x_wconf 81' lang='lat' dir='ltr'><strong>cano?</strong></span> <span class='ocrx_word' id='word_1_88' title='bbox 1086 1103 1181 1152; x_wconf 86' lang='lat' dir='ltr'><strong>tua</strong></span> <span class='ocrx_word' id='word_1_89' title='bbox 1219 1101 1377 1168; x_wconf 88' lang='lat' dir='ltr'><strong>culpa</strong></span> <span class='ocrx_word' id='word_1_90' title='bbox 1414 1103 1644 1169; x_wconf 87' lang='lat' dir='ltr'><strong>tuusque</strong></span> 
     </span>
     <span class='ocr_line' id='line_1_16' title="bbox 106 1174 1601 1245; baseline -0.001 -17"><span class='ocrx_word' id='word_1_91' title='bbox 106 1175 193 1228; x_wconf 90' lang='lat' dir='ltr'><strong>hic</strong></span> <span class='ocrx_word' id='word_1_92' title='bbox 231 1175 417 1245; x_wconf 90' lang='lat' dir='ltr'><strong>pudor.</strong></span> <span class='ocrx_word' id='word_1_93' title='bbox 479 1176 703 1227; x_wconf 81' lang='lat' dir='ltr'><strong>ulterius</strong></span> <span class='ocrx_word' id='word_1_94' title='bbox 746 1175 836 1227; x_wconf 90' lang='lat' dir='ltr'><strong>sed</strong></span> <span class='ocrx_word' id='word_1_95' title='bbox 875 1179 1016 1227; x_wconf 92' lang='lat' dir='ltr'><strong>enim</strong></span> <span class='ocrx_word' id='word_1_96' title='bbox 1053 1174 1343 1243; x_wconf 89' lang='lat' dir='ltr'><strong>producere</strong></span> <span class='ocrx_word' id='word_1_97' title='bbox 1383 1178 1601 1243; x_wconf 89' lang='lat' dir='ltr'><strong>questus</strong></span> 
     </span>
     <span class='ocr_line' id='line_1_17' title="bbox 105 1249 1527 1318; baseline -0.001 -16"><span class='ocrx_word' id='word_1_98' title='bbox 105 1268 216 1303; x_wconf 92' lang='lat' dir='ltr'><strong>non</strong></span> <span class='ocrx_word' id='word_1_99' title='bbox 256 1251 403 1318; x_wconf 80' lang='lat' dir='ltr'><strong>licet3</strong></span> <span class='ocrx_word' id='word_1_100' title='bbox 442 1268 508 1302; x_wconf 88' lang='lat' dir='ltr'><strong>en</strong></span> <span class='ocrx_word' id='word_1_101' title='bbox 545 1250 730 1302; x_wconf 90' lang='lat' dir='ltr'><strong>hilaris</strong></span> <span class='ocrx_word' id='word_1_102' title='bbox 772 1252 1080 1302; x_wconf 79' lang='lat' dir='ltr'><strong>circumstat</strong></span> <span class='ocrx_word' id='word_1_103' title='bbox 1115 1249 1275 1301; x_wconf 90' lang='lat' dir='ltr'><strong>turba</strong></span> <span class='ocrx_word' id='word_1_104' title='bbox 1311 1252 1527 1301; x_wconf 84' lang='lat' dir='ltr'><strong>tuorum</strong></span> 
     </span>
     <span class='ocr_line' id='line_1_18' title="bbox 107 1324 1720 1412; baseline -0.001 -35"><span class='ocrx_word' id='word_1_105' title='bbox 107 1324 449 1394; x_wconf 84' lang='lat' dir='ltr'><strong>defensatque</strong></span> <span class='ocrx_word' id='word_1_106' title='bbox 487 1328 706 1394; x_wconf 87' lang='lat' dir='ltr'><strong>patrem.</strong></span> <span class='ocrx_word' id='word_1_107' title='bbox 769 1342 927 1412; x_wconf 83' lang='lat' dir='ltr'><strong>quem</strong></span> <span class='ocrx_word' id='word_1_108' title='bbox 964 1342 1076 1377; x_wconf 90' lang='lat' dir='ltr'><strong>non</strong></span> <span class='ocrx_word' id='word_1_109' title='bbox 1114 1324 1216 1376; x_wconf 92' lang='lat' dir='ltr'><strong>hoc</strong></span> <span class='ocrx_word' id='word_1_110' title='bbox 1254 1327 1466 1393; x_wconf 83' lang='lat' dir='ltr'><strong>agmine</strong></span> <span class='ocrx_word' id='word_1_111' title='bbox 1504 1325 1720 1377; x_wconf 80' lang='lat' dir='ltr'><strong>vincas?</strong></span> 
     </span>
    </p>

    <p class='ocr_par' dir='ltr' id='par_1_5' title="bbox 106 1398 1819 1676">
     <span class='ocr_line' id='line_1_19' title="bbox 219 1398 1819 1468; baseline 0.001 -17"><span class='ocrx_word' id='word_1_112' title='bbox 219 1398 273 1451; x_wconf 92' lang='lat' dir='ltr'><strong>di</strong></span> <span class='ocrx_word' id='word_1_113' title='bbox 312 1402 495 1468; x_wconf 87' lang='lat' dir='ltr'><strong>patrii,</strong></span> <span class='ocrx_word' id='word_1_114' title='bbox 535 1417 669 1468; x_wconf 91' lang='lat' dir='ltr'><strong>quos</strong></span> <span class='ocrx_word' id='word_1_115' title='bbox 709 1402 948 1468; x_wconf 89' lang='lat' dir='ltr'><strong>auguriis</strong></span> <span class='ocrx_word' id='word_1_116' title='bbox 990 1417 1148 1467; x_wconf 89' lang='lat' dir='ltr'><strong>super</strong></span> <span class='ocrx_word' id='word_1_117' title='bbox 1187 1417 1417 1467; x_wconf 90' lang='lat' dir='ltr'><strong>aequora</strong></span> <span class='ocrx_word' id='word_1_118' title='bbox 1453 1402 1663 1468; x_wconf 88' lang='lat' dir='ltr'><strong>magnis</strong></span> <span class='ocrx_word' id='word_1_119' title='bbox 1752 1413 1819 1452; x_wconf 60' lang='lat'><strong>4&amp;</strong></span> 
     </span>
     <span class='ocr_line' id='line_1_20' title="bbox 107 1471 1452 1541; baseline -0.001 -15"><span class='ocrx_word' id='word_1_120' title='bbox 107 1475 235 1526; x_wconf 89' lang='lat' dir='ltr'><strong>litus</strong></span> <span class='ocrx_word' id='word_1_121' title='bbox 276 1474 342 1526; x_wconf 90' lang='lat' dir='ltr'><strong>ad</strong></span> <span class='ocrx_word' id='word_1_122' title='bbox 381 1472 684 1526; x_wconf 87' lang='lat' dir='ltr'><strong>Ausonium</strong></span> <span class='ocrx_word' id='word_1_123' title='bbox 725 1473 933 1526; x_wconf 83' lang='lat' dir='ltr'><strong>devexit</strong></span> <span class='ocrx_word' id='word_1_124' title='bbox 971 1471 1207 1525; x_wconf 87' lang='lat' dir='ltr'><strong>Abantia</strong></span> <span class='ocrx_word' id='word_1_125' title='bbox 1246 1475 1452 1541; x_wconf 89' lang='lat' dir='ltr'><strong>classis,</strong></span> 
     </span>
     <span class='ocr_line' id='line_1_21' title="bbox 106 1546 1448 1618; baseline 0.001 -18"><span class='ocrx_word' id='word_1_126' title='bbox 106 1552 189 1616; x_wconf 84' lang='lat' dir='ltr'><strong>tu,</strong></span> <span class='ocrx_word' id='word_1_127' title='bbox 229 1548 417 1601; x_wconf 87' lang='lat' dir='ltr'><strong>ductor</strong></span> <span class='ocrx_word' id='word_1_128' title='bbox 453 1549 644 1618; x_wconf 89' lang='lat' dir='ltr'><strong>populi</strong></span> <span class='ocrx_word' id='word_1_129' title='bbox 683 1549 843 1617; x_wconf 90' lang='lat' dir='ltr'><strong>longe</strong></span> <span class='ocrx_word' id='word_1_130' title='bbox 880 1551 1186 1617; x_wconf 80' lang='lat' dir='ltr'><strong>migrantiS‚</strong></span> <span class='ocrx_word' id='word_1_131' title='bbox 1225 1546 1425 1617; x_wconf 90' lang='lat' dir='ltr'><strong>Apollo</strong></span> <span class='ocrx_word' id='word_1_132' title='bbox 1435 1589 1448 1616; x_wconf 87' lang='lat'>‚</span> 
     </span>
     <span class='ocr_line' id='line_1_22' title="bbox 106 1622 1509 1676; baseline 0 -1"><span class='ocrx_word' id='word_1_133' title='bbox 106 1626 256 1676; x_wconf 91' lang='lat' dir='ltr'><strong>cuius</strong></span> <span class='ocrx_word' id='word_1_134' title='bbox 297 1622 469 1675; x_wconf 91' lang='lat' dir='ltr'><strong>adhuc</strong></span> <span class='ocrx_word' id='word_1_135' title='bbox 507 1623 776 1675; x_wconf 90' lang='lat' dir='ltr'><strong>volucrem</strong></span> <span class='ocrx_word' id='word_1_136' title='bbox 814 1624 964 1675; x_wconf 91' lang='lat' dir='ltr'><strong>laeva</strong></span> <span class='ocrx_word' id='word_1_137' title='bbox 1003 1625 1201 1675; x_wconf 90' lang='lat' dir='ltr'><strong>cervice</strong></span> <span class='ocrx_word' id='word_1_138' title='bbox 1242 1622 1509 1675; x_wconf 88' lang='lat' dir='ltr'><strong>sedentem</strong></span> 
     </span>
    </p>
   </div>
   <div class='ocr_carea' id='block_1_4' title="bbox 0 1696 1820 2298">
    <p class='ocr_par' dir='ltr' id='par_1_6' title="bbox 8 1696 1331 1769">
     <span class='ocr_line' id='line_1_23' title="bbox 8 1696 1331 1769; baseline -0.001 -19"><span class='ocrx_word' id='word_1_139' title='bbox 8 1721 14 1769; x_wconf 61' lang='grc' dir='ltr'><strong>ῃ</strong></span> <span class='ocrx_word' id='word_1_140' title='bbox 105 1701 391 1767; x_wconf 83' lang='lat' dir='ltr'><strong>respiciens</strong></span> <span class='ocrx_word' id='word_1_141' title='bbox 430 1696 624 1750; x_wconf 87' lang='lat' dir='ltr'><strong>blande</strong></span> <span class='ocrx_word' id='word_1_142' title='bbox 662 1698 790 1750; x_wconf 87' lang='lat' dir='ltr'><strong>felix</strong></span> <span class='ocrx_word' id='word_1_143' title='bbox 830 1696 1085 1749; x_wconf 89' lang='lat' dir='ltr'><strong>Eumelus</strong></span> <span class='ocrx_word' id='word_1_144' title='bbox 1127 1697 1331 1765; x_wconf 86' lang='lat' dir='ltr'><strong>adorat,</strong></span> 
     </span>
    </p>

    <p class='ocr_par' dir='ltr' id='par_1_7' title="bbox 8 1770 1820 1916">
     <span class='ocr_line' id='line_1_24' title="bbox 8 1770 1820 1843; baseline 0.001 -19"><span class='ocrx_word' id='word_1_145' title='bbox 8 1773 14 1843; x_wconf 63' lang='grc' dir='ltr'>ξ</span> <span class='ocrx_word' id='word_1_146' title='bbox 105 1775 291 1841; x_wconf 89' lang='lat' dir='ltr'><strong>tuque,</strong></span> <span class='ocrx_word' id='word_1_147' title='bbox 332 1771 531 1824; x_wconf 87' lang='lat' dir='ltr'><strong>Actaea</strong></span> <span class='ocrx_word' id='word_1_148' title='bbox 568 1770 746 1840; x_wconf 84' lang='lat' dir='ltr'><strong>Ceres,</strong></span> <span class='ocrx_word' id='word_1_149' title='bbox 787 1790 944 1824; x_wconf 90' lang='lat' dir='ltr'><strong>cursu</strong></span> <span class='ocrx_word' id='word_1_150' title='bbox 984 1775 1069 1824; x_wconf 89' lang='lat' dir='ltr'><strong>cui</strong></span> <span class='ocrx_word' id='word_1_151' title='bbox 1110 1790 1315 1841; x_wconf 90' lang='lat' dir='ltr'><strong>semper</strong></span> <span class='ocrx_word' id='word_1_152' title='bbox 1353 1772 1548 1825; x_wconf 84' lang='lat' dir='ltr'><strong>anhelo</strong></span> <span class='ocrx_word' id='word_1_153' title='bbox 1753 1787 1820 1826; x_wconf 80' lang='lat'><strong>50·</strong></span> 
     </span>
     <span class='ocr_line' id='line_1_25' title="bbox 10 1846 1463 1916; baseline -0.001 -17"><span class='ocrx_word' id='word_1_154' title='bbox 10 1858 14 1913; x_wconf 71' lang='grc' dir='ltr'>ζ</span> <span class='ocrx_word' id='word_1_155' title='bbox 104 1850 338 1899; x_wconf 83' lang='lat' dir='ltr'><strong>votivam</strong></span> <span class='ocrx_word' id='word_1_156' title='bbox 377 1849 526 1899; x_wconf 85' lang='lat' dir='ltr'><strong>taciti</strong></span> <span class='ocrx_word' id='word_1_157' title='bbox 566 1865 877 1916; x_wconf 87' lang='lat' dir='ltr'><strong>quassamus</strong></span> <span class='ocrx_word' id='word_1_158' title='bbox 916 1846 1163 1916; x_wconf 90' lang='lat' dir='ltr'><strong>lampada</strong></span> <span class='ocrx_word' id='word_1_159' title='bbox 1199 1849 1463 1915; x_wconf 83' lang='lat' dir='ltr'><strong>mystae‚·</strong></span> 
     </span>
    </p>

    <p class='ocr_par' dir='ltr' id='par_1_8' title="bbox 11 1920 1605 1992">
     <span class='ocr_line' id='line_1_26' title="bbox 11 1920 1605 1992; baseline 0 -19"><span class='ocrx_word' id='word_1_160' title='bbox 11 1933 13 1946; x_wconf 85' lang='lat'><strong>¹</strong></span> <span class='ocrx_word' id='word_1_161' title='bbox 106 1925 160 1973; x_wconf 87' lang='lat' dir='ltr'><strong>et</strong></span> <span class='ocrx_word' id='word_1_162' title='bbox 196 1939 313 1988; x_wconf 88' lang='lat' dir='ltr'><strong>vos,</strong></span> <span class='ocrx_word' id='word_1_163' title='bbox 353 1920 707 1990; x_wconf 85' lang='lat' dir='ltr'><strong>Tyndaridae,</strong></span> <span class='ocrx_word' id='word_1_164' title='bbox 747 1939 880 1992; x_wconf 91' lang='lat' dir='ltr'><strong>quos</strong></span> <span class='ocrx_word' id='word_1_165' title='bbox 919 1939 1031 1974; x_wconf 94' lang='lat' dir='ltr'><strong>non</strong></span> <span class='ocrx_word' id='word_1_166' title='bbox 1069 1920 1334 1974; x_wconf 90' lang='lat' dir='ltr'><strong>horrenda</strong></span> <span class='ocrx_word' id='word_1_167' title='bbox 1371 1920 1605 1991; x_wconf 81' lang='lat' dir='ltr'><strong>Lycurgi</strong></span> 
     </span>
    </p>

    <p class='ocr_par' dir='ltr' id='par_1_9' title="bbox 0 1994 1595 2066">
     <span class='ocr_line' id='line_1_27' title="bbox 0 1994 1595 2066; baseline 0.003 -22"><span class='ocrx_word' id='word_1_168' title='bbox 0 2020 17 2044; x_wconf 85' lang='lat'><strong>.·</strong></span> <span class='ocrx_word' id='word_1_169' title='bbox 105 1994 344 2066; x_wconf 85' lang='lat' dir='ltr'><strong>Taygeta</strong></span> <span class='ocrx_word' id='word_1_170' title='bbox 383 1995 768 2065; x_wconf 88' lang='lat' dir='ltr'><strong>umbrosaeque</strong></span> <span class='ocrx_word' id='word_1_171' title='bbox 804 1999 976 2065; x_wconf 90' lang='lat' dir='ltr'><strong>magis</strong></span> <span class='ocrx_word' id='word_1_172' title='bbox 1017 1997 1226 2049; x_wconf 90' lang='lat' dir='ltr'><strong>coluere</strong></span> <span class='ocrx_word' id='word_1_173' title='bbox 1264 1995 1595 2065; x_wconf 83' lang='lat' dir='ltr'><strong>Therapnae:</strong></span> 
     </span>
    </p>

    <p class='ocr_par' dir='ltr' id='par_1_10' title="bbox 0 2058 1405 2140">
     <span class='ocr_line' id='line_1_28' title="bbox 0 2058 1405 2140; baseline -0.001 -17"><span class='ocrx_word' id='word_1_174' title='bbox 0 2058 17 2101; x_wconf 37' lang='grc' dir='ltr'><strong>’Ἴ</strong></span> <span class='ocrx_word' id='word_1_175' title='bbox 104 2069 203 2123; x_wconf 89' lang='lat' dir='ltr'><strong>hos</strong></span> <span class='ocrx_word' id='word_1_176' title='bbox 244 2089 364 2123; x_wconf 91' lang='lat' dir='ltr'><strong>cum</strong></span> <span class='ocrx_word' id='word_1_177' title='bbox 403 2070 557 2140; x_wconf 88' lang='lat' dir='ltr'><strong>plebe</strong></span> <span class='ocrx_word' id='word_1_178' title='bbox 597 2089 694 2123; x_wconf 88' lang='lat' dir='ltr'><strong>sua</strong></span> <span class='ocrx_word' id='word_1_179' title='bbox 730 2073 892 2140; x_wconf 88' lang='lat' dir='ltr'><strong>patrii</strong></span> <span class='ocrx_word' id='word_1_180' title='bbox 932 2074 1134 2123; x_wconf 89' lang='lat' dir='ltr'><strong>servate</strong></span> <span class='ocrx_word' id='word_1_181' title='bbox 1173 2074 1405 2139; x_wconf 89' lang='lat' dir='ltr'><strong>penates.</strong></span> 
     </span>
    </p>

    <p class='ocr_par' dir='ltr' id='par_1_11' title="bbox 4 2144 1818 2298">
     <span class='ocr_line' id='line_1_29' title="bbox 4 2144 1818 2214; baseline 0.001 -16"><span class='ocrx_word' id='word_1_182' title='bbox 4 2180 17 2186; x_wconf 66' lang='lat'><strong>,.</strong></span> <span class='ocrx_word' id='word_1_183' title='bbox 106 2148 236 2212; x_wconf 81' lang='lat' dir='ltr'><strong>sint,</strong></span> <span class='ocrx_word' id='word_1_184' title='bbox 276 2148 370 2214; x_wconf 91' lang='lat' dir='ltr'><strong>qui</strong></span> <span class='ocrx_word' id='word_1_185' title='bbox 408 2146 602 2198; x_wconf 83' lang='lat' dir='ltr'><strong>fessam</strong></span> <span class='ocrx_word' id='word_1_186' title='bbox 640 2163 767 2199; x_wconf 88' lang='lat' dir='ltr'><strong>aevo</strong></span> <span class='ocrx_word' id='word_1_187' title='bbox 808 2144 1108 2214; x_wconf 88' lang='lat' dir='ltr'><strong>crebrisque</strong></span> <span class='ocrx_word' id='word_1_188' title='bbox 1147 2145 1423 2198; x_wconf 88' lang='lat' dir='ltr'><strong>laboribus</strong></span> <span class='ocrx_word' id='word_1_189' title='bbox 1459 2145 1644 2198; x_wconf 81' lang='lat' dir='ltr'><strong>urbam</strong></span> <span class='ocrx_word' id='word_1_190' title='bbox 1752 2159 1818 2199; x_wconf 81' lang='lat'><strong>55.</strong></span> 
     </span>
     <span class='ocr_line' id='line_1_30' title="bbox 7 2218 1704 2298; baseline 0.001 -26"><span class='ocrx_word' id='word_1_191' title='bbox 7 2235 18 2298; x_wconf 34' lang='lat'><strong>⁴.</strong></span> <span class='ocrx_word' id='word_1_192' title='bbox 105 2237 231 2273; x_wconf 84' lang='lat' dir='ltr'><strong>voce</strong></span> <span class='ocrx_word' id='word_1_193' title='bbox 272 2218 570 2289; x_wconf 84' lang='lat' dir='ltr'><strong>opibusque</strong></span> <span class='ocrx_word' id='word_1_194' title='bbox 606 2222 793 2273; x_wconf 89' lang='lat' dir='ltr'><strong>iuvent</strong></span> <span class='ocrx_word' id='word_1_195' title='bbox 829 2220 1091 2289; x_wconf 90' lang='lat' dir='ltr'><strong>viridique</strong></span> <span class='ocrx_word' id='word_1_196' title='bbox 1128 2223 1187 2272; x_wconf 92' lang='lat' dir='ltr'><strong>in</strong></span> <span class='ocrx_word' id='word_1_197' title='bbox 1225 2223 1446 2273; x_wconf 84' lang='lat' dir='ltr'><strong>nomine</strong></span> <span class='ocrx_word' id='word_1_198' title='bbox 1482 2223 1704 2274; x_wconf 81' lang='lat' dir='ltr'><strong>servent.</strong></span> 
     </span>
    </p>
   </div>
   <div class='ocr_carea' id='block_1_5' title="bbox 104 2345 339 2353">
    <p class='ocr_par' dir='ltr' id='par_1_12' title="bbox 104 2345 339 2353">
     <span class='ocr_line' id='line_1_31' title="bbox 104 2345 339 2353; baseline 0 773"><span class='ocrx_word' id='word_1_199' title='bbox 104 2345 339 2353; x_wconf 95' lang='lat' dir='ltr'><strong> </strong></span> 
     </span>
    </p>
   </div>
   <div class='ocr_carea' id='block_1_6' title="bbox 223 2424 1807 2484">
    <p class='ocr_par' dir='ltr' id='par_1_13' title="bbox 223 2424 1807 2484">
     <span class='ocr_line' id='line_1_32' title="bbox 223 2424 1807 2484; baseline 0.001 -15"><span class='ocrx_word' id='word_1_200' title='bbox 223 2433 274 2469; x_wconf 69' lang='lat'><strong>2⁹</strong></span> <span class='ocrx_word' id='word_1_201' title='bbox 297 2425 539 2482; x_wconf 78' lang='lat' dir='ltr'><strong>reptabatz</strong></span> <span class='ocrx_word' id='word_1_202' title='bbox 565 2424 779 2469; x_wconf 83' lang='lat' dir='ltr'><strong>certabat</strong></span> <span class='ocrx_word' id='word_1_203' title='bbox 797 2425 1073 2484; x_wconf 74' lang='lat' dir='ltr'><strong>Grasberyer</strong></span> <span class='ocrx_word' id='word_1_204' title='bbox 1098 2428 1221 2470; x_wconf 90' lang='grc'><strong><em>1877</em></strong></span> <span class='ocrx_word' id='word_1_205' title='bbox 1233 2440 1284 2483; x_wconf 80' lang='lat' dir='ltr'><strong>p.</strong></span> <span class='ocrx_word' id='word_1_206' title='bbox 1297 2428 1386 2470; x_wconf 89' lang='grc'><strong>775</strong></span> <span class='ocrx_word' id='word_1_207' title='bbox 1476 2434 1535 2469; x_wconf 68' lang='lat'><strong>88⁴</strong></span> <span class='ocrx_word' id='word_1_208' title='bbox 1549 2425 1807 2472; x_wconf 86' lang='lat' dir='ltr'><strong>rarissime.</strong></span> 
     </span>
    </p>
   </div>
   <div class='ocr_carea' id='block_1_7' title="bbox 18 2477 1750 2542">
    <p class='ocr_par' dir='ltr' id='par_1_14' title="bbox 18 2477 1750 2542">
     <span class='ocr_line' id='line_1_33' title="bbox 18 2477 1750 2542; baseline 0.001 -13"><span class='ocrx_word' id='word_1_209' title='bbox 18 2477 22 2498; x_wconf 73' lang='lat'><em>²</em></span> <span class='ocrx_word' id='word_1_210' title='bbox 105 2483 344 2529; x_wconf 75' lang='lat' dir='ltr'><strong>carissime</strong></span> <span class='ocrx_word' id='word_1_211' title='bbox 362 2499 390 2535; x_wconf 89' lang='grc' dir='ltr'><strong><em>ς</em></strong></span> <span class='ocrx_word' id='word_1_212' title='bbox 465 2483 759 2530; x_wconf 58' lang='lat' dir='ltr'><strong>”redimere</strong></span> <span class='ocrx_word' id='word_1_213' title='bbox 842 2492 892 2528; x_wconf 67' lang='grc' dir='ltr'><strong>ευ</strong></span> <span class='ocrx_word' id='word_1_214' title='bbox 908 2484 1204 2541; x_wconf 78' lang='lat' dir='ltr'><strong>Albanoque:</strong></span> <span class='ocrx_word' id='word_1_215' title='bbox 1224 2483 1491 2542; x_wconf 85' lang='lat' dir='ltr'><strong>Albanique</strong></span> <span class='ocrx_word' id='word_1_216' title='bbox 1509 2485 1750 2531; x_wconf 75' lang='lat' dir='ltr'><strong>Krolmius</strong></span> 
     </span>
    </p>
   </div>
   <div class='ocr_carea' id='block_1_8' title="bbox 104 2544 1807 2603">
    <p class='ocr_par' dir='ltr' id='par_1_15' title="bbox 104 2544 1807 2603">
     <span class='ocr_line' id='line_1_34' title="bbox 104 2544 1807 2603; baseline 0.002 -15"><span class='ocrx_word' id='word_1_217' title='bbox 104 2552 156 2588; x_wconf 77' lang='grc' dir='ltr'><strong>4ο</strong></span> <span class='ocrx_word' id='word_1_218' title='bbox 186 2546 348 2589; x_wconf 75' lang='lat' dir='ltr'><strong>cantu:</strong></span> <span class='ocrx_word' id='word_1_219' title='bbox 383 2546 512 2589; x_wconf 80' lang='lat' dir='ltr'><strong>creta</strong></span> <span class='ocrx_word' id='word_1_220' title='bbox 537 2544 794 2590; x_wconf 75' lang='lat' dir='ltr'><strong>Bentleius:</strong></span> <span class='ocrx_word' id='word_1_221' title='bbox 827 2546 1013 2588; x_wconf 83' lang='lat' dir='ltr'><strong>tantum</strong></span> <span class='ocrx_word' id='word_1_222' title='bbox 1037 2544 1187 2603; x_wconf 76' lang='lat' dir='ltr'><strong>Saeny</strong></span> <span class='ocrx_word' id='word_1_223' title='bbox 1189 2558 1237 2589; x_wconf 84' lang='lat' dir='ltr'><strong>er</strong></span> <span class='ocrx_word' id='word_1_224' title='bbox 1327 2545 1431 2589; x_wconf 82' lang='lat' dir='ltr'><strong>sed.</strong></span> <span class='ocrx_word' id='word_1_225' title='bbox 1457 2544 1524 2589; x_wconf 85' lang='lat' dir='ltr'><strong>sic</strong></span> <span class='ocrx_word' id='word_1_226' title='bbox 1549 2546 1807 2591; x_wconf 77' lang='lat' dir='ltr'><strong>Baehrens:</strong></span> 
     </span>
    </p>
   </div>
   <div class='ocr_carea' id='block_1_9' title="bbox 22 2602 1813 2722">
    <p class='ocr_par' dir='ltr' id='par_1_16' title="bbox 22 2602 1813 2722">
     <span class='ocr_line' id='line_1_35' title="bbox 22 2602 1813 2662; baseline 0.001 -14"><span class='ocrx_word' id='word_1_227' title='bbox 22 2627 27 2636; x_wconf 74' lang='lat'><strong>·</strong></span> <span class='ocrx_word' id='word_1_228' title='bbox 106 2602 143 2648; x_wconf 75' lang='lat' dir='ltr'><strong>si</strong></span> <span class='ocrx_word' id='word_1_229' title='bbox 177 2603 470 2650; x_wconf 64' lang='lat' dir='ltr'><strong>Brandoeim</strong></span> <span class='ocrx_word' id='word_1_230' title='bbox 509 2607 629 2649; x_wconf 82' lang='grc'><strong><em>1886</em></strong></span> <span class='ocrx_word' id='word_1_231' title='bbox 658 2618 703 2661; x_wconf 84' lang='lat' dir='ltr'><strong>p.</strong></span> <span class='ocrx_word' id='word_1_232' title='bbox 729 2607 821 2649; x_wconf 83' lang='grc'><strong>581</strong></span> <span class='ocrx_word' id='word_1_233' title='bbox 859 2605 1044 2650; x_wconf 78' lang='lat' dir='ltr'><strong>sublata</strong></span> <span class='ocrx_word' id='word_1_234' title='bbox 1075 2604 1366 2650; x_wconf 78' lang='lat' dir='ltr'><strong>distinctione</strong></span> <span class='ocrx_word' id='word_1_235' title='bbox 1390 2610 1497 2662; x_wconf 73' lang='lat' dir='ltr'><strong>post</strong></span> <span class='ocrx_word' id='word_1_236' title='bbox 1526 2618 1643 2649; x_wconf 89' lang='lat' dir='ltr'><strong>cano</strong></span> <span class='ocrx_word' id='word_1_237' title='bbox 1681 2605 1813 2650; x_wconf 76' lang='lat' dir='ltr'><strong>haud</strong></span> 
     </span>
     <span class='ocr_line' id='line_1_36' title="bbox 40 2662 1809 2722; baseline 0.001 -13"><span class='ocrx_word' id='word_1_238' title='bbox 40 2698 51 2711; x_wconf 86' lang='lat'><em>.</em></span> <span class='ocrx_word' id='word_1_239' title='bbox 105 2664 222 2709; x_wconf 71' lang='lat' dir='ltr'><strong>nale</strong></span> <span class='ocrx_word' id='word_1_240' title='bbox 281 2672 333 2707; x_wconf 80' lang='grc'><strong>44</strong></span> <span class='ocrx_word' id='word_1_241' title='bbox 349 2663 621 2714; x_wconf 67' lang='grc' dir='ltr'>Αδαιιιίαςε</span> <span class='ocrx_word' id='word_1_242' title='bbox 640 2663 701 2708; x_wconf 88' lang='lat' dir='ltr'><strong>ab</strong></span> <span class='ocrx_word' id='word_1_243' title='bbox 717 2662 859 2708; x_wconf 82' lang='lat' dir='ltr'><strong>anxia</strong></span> <span class='ocrx_word' id='word_1_244' title='bbox 948 2673 999 2707; x_wconf 73' lang='lat'><strong>4⁹</strong></span> <span class='ocrx_word' id='word_1_245' title='bbox 1015 2662 1551 2710; x_wconf 79' lang='lat' dir='ltr'><strong>EumelusHousmanus</strong></span> <span class='ocrx_word' id='word_1_246' title='bbox 1564 2668 1735 2722; x_wconf 72' lang='lat'><em>190612.</em></span> <span class='ocrx_word' id='word_1_247' title='bbox 1746 2667 1809 2710; x_wconf 85' lang='grc'><strong>46</strong></span> 
     </span>
    </p>
   </div>
   <div class='ocr_carea' id='block_1_10' title="bbox 103 2722 1814 2959">
    <p class='ocr_par' dir='ltr' id='par_1_17' title="bbox 103 2722 1786 2959">
     <span class='ocr_line' id='line_1_37' title="bbox 108 2722 1748 2779; baseline 0.001 -11"><span class='ocrx_word' id='word_1_248' title='bbox 108 2722 181 2778; x_wconf 74' lang='lat' dir='ltr'><strong>(ef.</strong></span> <span class='ocrx_word' id='word_1_249' title='bbox 204 2723 299 2769; x_wconf 88' lang='grc' dir='ltr'><strong>ΠΙ</strong></span> <span class='ocrx_word' id='word_1_250' title='bbox 311 2726 356 2777; x_wconf 91' lang='grc'><strong><em>3</em></strong></span> <span class='ocrx_word' id='word_1_251' title='bbox 370 2726 476 2767; x_wconf 81' lang='grc'><strong><em>210.</em></strong></span> <span class='ocrx_word' id='word_1_252' title='bbox 513 2723 610 2777; x_wconf 67' lang='lat' dir='ltr'><strong>Vs,</strong></span> <span class='ocrx_word' id='word_1_253' title='bbox 624 2726 701 2769; x_wconf 73' lang='lat'><strong>22.</strong></span> <span class='ocrx_word' id='word_1_254' title='bbox 736 2724 833 2778; x_wconf 72' lang='lat'><strong>1⁷4,</strong></span> <span class='ocrx_word' id='word_1_255' title='bbox 850 2726 917 2779; x_wconf 86' lang='lat'><strong>5):</strong></span> <span class='ocrx_word' id='word_1_256' title='bbox 952 2722 1171 2768; x_wconf 83' lang='lat' dir='ltr'><strong>eumeliss</strong></span> <span class='ocrx_word' id='word_1_257' title='bbox 1264 2732 1314 2768; x_wconf 76' lang='lat'><strong>50</strong></span> <span class='ocrx_word' id='word_1_258' title='bbox 1344 2724 1525 2770; x_wconf 84' lang='lat' dir='ltr'><strong>Actaea</strong></span> <span class='ocrx_word' id='word_1_259' title='bbox 1557 2739 1600 2769; x_wconf 86' lang='lat' dir='ltr'><strong>o:</strong></span> <span class='ocrx_word' id='word_1_260' title='bbox 1634 2737 1748 2769; x_wconf 87' lang='lat' dir='ltr'><strong>acea</strong></span> 
     </span>
     <span class='ocr_line' id='line_1_38' title="bbox 103 2781 1814 2902; baseline 0.001 -16"><span class='ocrx_word' id='word_1_261' title='bbox 103 2789 154 2826; x_wconf 80' lang='lat'><strong>‘&#39;</strong></span> <span class='ocrx_word' id='word_1_262' title='bbox 105 2781 508 2892; x_wconf 55' lang='grc' dir='ltr'><strong>17Ψέωέ</strong></span> <span class='ocrx_word' id='word_1_263' title='bbox 528 2782 873 2888; x_wconf 60' lang='lat' dir='ltr'><strong>thssz‘xmzt</strong></span> <span class='ocrx_word' id='word_1_264' title='bbox 898 2782 1068 2888; x_wconf 66' lang='grc' dir='ltr'><strong>ξέἒῗὲἑ</strong></span> <span class='ocrx_word' id='word_1_265' title='bbox 1088 2783 1598 2892; x_wconf 53' lang='grc' dir='ltr'><strong>ῗᾶἶέθωῗωῗιοῖἒῖν</strong></span> <span class='ocrx_word' id='word_1_266' title='bbox 1622 2784 1814 2902; x_wconf 43' lang='lat' dir='ltr'><strong>„wi</strong></span> 
     </span>
     <span class='ocr_line' id='line_1_39' title="bbox 107 2857 941 2959; baseline 0.002 -14"><span class='ocrx_word' id='word_1_267' title='bbox 107 2901 227 2948; x_wconf 71' lang='lat' dir='ltr'><strong>ludit</strong></span> <span class='ocrx_word' id='word_1_268' title='bbox 235 2857 389 2959; x_wconf 52' lang='lat' dir='ltr'><strong>‘poeta</strong></span> <span class='ocrx_word' id='word_1_269' title='bbox 422 2903 472 2947; x_wconf 79' lang='lat' dir='ltr'><strong>in</strong></span> <span class='ocrx_word' id='word_1_270' title='bbox 503 2916 685 2947; x_wconf 78' lang='lat' dir='ltr'><strong>nomme</strong></span> <span class='ocrx_word' id='word_1_271' title='bbox 716 2902 941 2959; x_wconf 78' lang='lat' dir='ltr'><strong>Neapolis</strong></span> 
     </span>
    </p>
   </div>
  </div>
 </body>
</html>
