2034 3126
718 64 1032 111 SILVARUM
1062 65 1113 110 L.
1136 65 1194 122 11,
1220 71 1244 110 -ι
1755 66 1827 120 65

273 205 326 255 et
362 204 485 272 plus
523 200 731 255 Aoniae
769 206 933 256 virete
974 205 1158 271 silvae,

274 280 346 344 et,
388 281 432 329 si
473 295 578 347 qua
615 280 762 346 patet
802 281 895 330 aut
933 278 1072 330 diem
1110 281 1328 347 recepit,

273 355 425 404 sertis
465 352 718 404 mollibus
758 354 1032 421 expleatur
1070 353 1272 405 umbra.
1773 367 1827 406 15

272 430 484 479 centum
522 426 828 495 Thespiacis
869 427 1032 479 odora
1070 429 1203 480 lucis

272 504 413 553 stent
452 502 641 553 altaria
677 504 1026 571 victimaeque
1065 506 1299 571 centum,

272 594 401 644 quas
441 574 598 628 Dirce
637 577 780 628 lavat
819 580 912 628 aut
951 578 1047 628 alit
1087 575 1396 631 Cithaeron:

271 649 543 703 Lucanum
584 654 821 703 canimus
830 692 844 719 ,
883 652 1055 704 favete
1094 653 1318 722 linguis,

270 728 444 777 vestra
483 728 563 777 est
599 728 705 777 ista
743 726 873 793 dies,
913 727 1106 794 favete,
1145 726 1352 796 Musae,
1769 742 1825 782 20

269 799 395 851 dum
434 803 526 868 qui
564 817 659 852 vos
699 804 938 869 geminas
979 802 1106 853 tulit
1144 820 1239 870 per
1279 806 1415 856 artes
1426 845 1439 872 ,

269 878 321 926 et
358 877 565 927 vinctae
603 875 735 943 pede
773 879 917 928 vocis
958 879 1011 928 et
1050 877 1277 946 solutae,

267 948 496 1002 Romani
536 950 731 1002 colitur
769 950 917 1003 chori
958 951 1213 1004 sacerdos,

378 1025 507 1076 felix
548 1055 619 1060 —-
658 1025 763 1077 heu
799 1028 984 1078 nimis!
1026 1057 1096 1062 —
1138 1029 1190 1079 et
1227 1027 1382 1080 beata
1419 1029 1602 1097 tellus,

267 1116 400 1167 quae
438 1117 637 1168 pronos
677 1099 1003 1169 Hyperionis
1043 1104 1248 1155 meatus
1768 1117 1823 1157 25

268 1177 487 1226 summis
529 1172 724 1227 Oceani
763 1175 908 1229 vides
948 1179 1007 1228 in
1044 1176 1202 1228 undis

267 1248 650 1318 stridoremque
689 1252 836 1302 rotae
876 1250 1109 1303 cadentis
1151 1251 1300 1304 audis
1309 1293 1323 1321 ,

265 1342 400 1392 quae
438 1323 714 1377 Tritonide
753 1325 944 1377 fertilis
985 1324 1224 1379 Athenas

264 1402 440 1451 unctis
448 1440 463 1467 ,
503 1399 738 1467 Baetica,
777 1418 1033 1469 provocas
1074 1404 1318 1471 trapetis:

266 1472 539 1526 Lucanum
577 1478 728 1543 potes
768 1478 1033 1544 imputare
1072 1479 1249 1530 terris!
1766 1490 1822 1531 30

264 1547 364 1602 hoc
403 1549 525 1617 plus
567 1567 726 1618 quam
766 1548 1018 1603 Senecam
1057 1551 1260 1605 dedisse
1299 1553 1499 1606 mundo

265 1627 358 1675 aut
397 1623 604 1676 dulcem
641 1643 922 1694 generasse
962 1624 1276 1680 Gallionem.

263 1699 476 1750 attollat
514 1698 707 1753 refluos
746 1702 805 1752 in
844 1703 987 1753 astra
1025 1701 1199 1754 fontes

264 1772 424 1826 Graio
462 1774 696 1827 nobilior
732 1773 924 1828 Melete
962 1775 1165 1845 Baetis3

263 1847 491 1916 Baetim,
529 1848 772 1918 Mantua,
810 1868 1099 1919 provocare
1137 1853 1266 1905 noli.
1763 1867 1820 1906 35

263 1926 450 1976 natum
488 1927 733 1993 protinus
775 1928 934 1995 atque
973 1926 1197 1979 humum
1235 1946 1330 1997 per
1367 1931 1541 1997 ipsam

230 2078 277 2113 14
309 2072 445 2127 patet
475 2071 561 2115 aut
588 2086 652 2116 m:
685 2072 820 2128 pater
852 2074 934 2117 aut
959 2073 1006 2130 (a
1028 2073 1084 2116 ut
1106 2075 1190 2131 m:
1221 2075 1356 2131 patet
1385 2075 1433 2118 et
1456 2076 1529 2132 (ac
1553 2076 1822 2134 Postyatius

113 2132 286 2188 1905p.
301 2133 408 2183 125)
423 2130 492 2175 vel
503 2130 717 2188 patulam
731 2133 791 2176 M
789 2132 1047 2178 armandus
1057 2151 1067 2177 ε
1085 2131 1306 2190 platanus
1317 2134 1536 2193 Saenyer:
1551 2137 1766 2192 pateram
1777 2150 1820 2190 c;

110 2191 325 2247 pateram
361 2189 463 2234 dies
495 2190 815 2237 Phillimorius
845 2193 989 2247 Μαῖα
1028 2194 1176 2238 locum
1207 2194 1435 2251 expedivit
1476 2195 1670 2240 Vollmer
1702 2199 1822 2241 1893

108 2263 154 2305 ρ.
180 2253 271 2295 831
372 2258 419 2293 ιο
449 2250 706 2307 thespiacis
736 2266 798 2297 m:
833 2251 1091 2297 thesbiacis
1122 2257 1186 2298 H:
1219 2253 1444 2311 tespiacis
1475 2258 1508 2297 1.
1607 2263 1651 2299 1⁷
1685 2255 1822 2300 victi-

110 2322 308 2366 maeque
340 2311 403 2367 (m
435 2324 492 2355 ex
521 2324 552 2354 n
584 2314 674 2367 ἲιιι)
802 2320 847 2355 18
880 2311 970 2357 alit
998 2316 1065 2357 11:
1099 2310 1200 2357 alid
1231 2318 1264 2357 1.
1396 2313 1608 2359 citheron
1639 2319 1704 2360 1:
1740 2329 1819 2373 cy-

112 2367 277 2414 theron
310 2373 344 2413 1.
435 2377 486 2413 2⁰
516 2369 610 2415 ista
631 2374 698 2415 1:
730 2370 822 2416 iste
852 2375 886 2415 1.
977 2380 1025 2416 24
1059 2371 1171 2418 heu:
1205 2387 1232 2418 o
1261 2374 1598 2419 Markloendus:
1632 2389 1689 2419 en
1718 2375 1820 2420 Otto

110 2431 236 2474 1887
261 2443 308 2486 p.
331 2432 423 2474 535
452 2430 571 2475 male
659 2438 709 2474 ’ὅ
741 2443 1005 2491 quepronos
1035 2433 1275 2491 yperionis
1308 2438 1341 2477 1.
1433 2442 1482 2477 2⁶
1513 2434 1643 2480 vides
1675 2434 1738 2489 (vi
1764 2449 1820 2480 ex

108 2487 263 2593 παῖ’)
344 2488 814 2596 afflatas.
830 2495 890 2594 ξ.
966 2491 1199 2598 Ἥξει,
1224 2498 1279 2597 {²
1312 2492 1820 2542 Τά

111 2606 266 2653 betica
295 2612 361 2654 1:
394 2608 543 2653 mirica
573 2613 607 2653 Ι,
695 2624 840 2668 provo
874 2612 1031 2656 eastra
1062 2612 1184 2671 petis
1217 2618 1249 2656 1.
1340 2622 1391 2657 80
1421 2616 1557 2671 potes
1582 2618 1648 2659 11:
1682 2616 1818 2672 potes

101 2667 171 2726 llll
183 2668 294 2723 (fuit
310 2672 348 2719 t.)
371 2672 405 2712 1.
495 2669 764 2727 inputat-01.
855 2679 899 2714 ει
926 2670 1140 2717 Lucanus
1165 2671 1343 2717 Seneca
1369 2672 1525 2719 Gallio
1542 2676 1653 2719 min
1670 2689 1756 2734 my.

107 2735 156 2770 ⁸⁴
187 2726 359 2773 melete
390 2727 515 2773 betis
546 2733 612 2774 1:
643 2728 920 2776 melebffie
952 2735 984 2775 1.
1136 2741 1185 2776 85
1218 2732 1364 2779 betim
1395 2737 1460 2778 n:
1494 2732 1632 2778 b&im
1664 2738 1697 2777 1.

107 2786 256 2832 nimia
294 2786 398 2833 laun
438 2789 520 2834 sed
560 2788 681 2834 forte
719 2791 921 2847 tenpori
961 2793 1010 2835 et
1047 2792 1344 2837 auditoribus
1385 2794 1520 2848 data,
1562 2807 1667 2839 cum
1701 2792 1817 2839 alibi

107 2847 183 2903 (cf.
208 2847 343 2894 Theb.
363 2849 476 2894 XII
489 2852 600 2906 816)
632 2848 841 2895 divinum
877 2849 1112 2896 Maronem
1146 2852 1312 2898 adoret
1342 2868 1385 2896 m
1416 2854 1469 2898 in
1491 2868 1577 2912 my.
1671 2862 1721 2898 80
1747 2856 1817 2899 at-

109 2921 200 2964 quo
231 2910 296 2954 1:
330 2920 452 2967 aque
483 2907 631 2968 (μάά.
657 2910 789 2965 infra
820 2924 846 2956 e
869 2910 942 2969 ι’)
974 2915 1007 2954 Ι,
1097 2912 1252 2970 ipsam
1283 2916 1349 2958 1:
1382 2913 1535 2971 ipsum
1572 2918 1601 2957 t.

200 2990 322 3025 ΕτΑτι
347 2990 508 3026 Busan.
547 2992 618 3026 nd.
630 2992 684 3026 11.
1519 2993 1546 3033 5
