2034 3126
722 61 1067 108 PRAEFATIO
1577 57 1757 105 XXVII

50 209 254 259 minime
284 207 483 256 videtur
511 204 1028 269 praetermittendum.
1083 203 1276 252 accedit
1309 202 1444 264 quod
1474 202 1609 250 haud
1638 217 1753 251 raro

48 285 283 333 librarius
299 277 340 331 F
365 297 448 331 eas
471 282 666 329 litteras
691 295 819 342 quae
842 281 897 328 in
914 274 963 328 M
987 277 1272 327 simillimae
1296 280 1413 326 sunt
1432 278 1754 339 permutavit,

48 359 208 408 veluti
250 357 365 420 plus
410 356 561 404 semel
606 356 644 403 ti
679 354 805 417 legit
841 369 932 417 pro
969 368 1026 401 n:
1073 352 1134 401 cf.
1158 352 1184 399 I
1216 354 1266 413 4,
1300 353 1368 400 93
1409 354 1512 399 noti
1549 347 1613 401 F:
1654 367 1755 401 non

50 427 131 500 (m
152 453 212 472 ω
235 424 317 497 ·ti)
345 424 397 480 M
434 431 559 478 item
589 429 616 477 I
648 430 697 490 5,
731 430 814 477 34.
863 429 1000 477 tertio
1030 422 1073 476 F
1102 442 1195 489 pro
1226 429 1360 475 terno
1391 421 1442 475 Μ
1472 426 1523 474 Π
1551 430 1598 488 1,
1634 429 1755 478 184.

48 508 74 556 Ι
99 510 148 568 2,
174 509 239 555 21
282 505 442 553 tumbe
477 499 518 553 F
548 519 641 566 pro
670 503 835 552 nimbo
866 497 916 552 M
947 495 1033 570 (cf.
1061 495 1145 551 Glz
1184 502 1364 563 tymbO,
1403 501 1533 549 unde
1564 503 1755 563 tymbra

51 583 280 631 effectum
313 582 389 628 est
418 571 732 644 corrigendo)

122 655 202 704 111
234 659 282 715 1,
314 655 408 702 67:
439 654 629 702 discens
658 646 730 701 M:
761 652 954 700 discetis
983 645 1025 700 F

175 730 199 777 I
233 730 283 790 5,
316 731 408 777 11:
438 727 605 789 chelyn
634 721 707 776 M:
738 727 908 787 chelyti
936 720 978 775 F

128 804 203 853 IV
236 805 285 865 5,
317 805 411 852 43:
440 805 647 852 immens-
676 815 730 849 os
759 795 831 851 M:
862 802 1068 848 mimetis
1098 814 1152 848 os
1182 794 1237 849 F.

50 893 425 941 nonnumquam
457 892 586 939 quae
614 877 666 924 in
689 870 740 925 M
765 875 1018 923 difficilius
1042 876 1187 923 erant
1209 873 1274 922 ad
1296 873 1564 938 legendum
1587 874 1756 923 omisit

50 949 114 1015 F,
154 953 258 1002 sive
298 954 418 1015 quia
452 950 572 1015 quid
603 950 843 999 scriberet
871 949 1147 1010 nesciebat,
1187 949 1291 997 sive
1323 949 1444 1011 quia
1476 951 1755 998 atramento

50 1028 327 1078 confluente
372 1026 524 1075 verba
570 1025 736 1074 deleta
782 1040 887 1074 esse
933 1023 1254 1085 videbantur,
1303 1023 1399 1072 hoc
1444 1023 1634 1072 factum
1680 1026 1758 1072 est

48 1103 120 1152 IV
155 1107 203 1163 1,
235 1103 330 1163 29,
366 1101 455 1149 ubi
491 1115 577 1150 nec
613 1099 752 1149 deest
788 1100 842 1147 in
880 1094 945 1161 F,
982 1097 1111 1146 illud
1140 1098 1195 1146 Π
1229 1101 1276 1160 1,
1310 1099 1417 1146 164
1450 1097 1539 1146 ubi
1571 1099 1756 1159 eoeoqu,

46 1177 126 1227 III
152 1178 200 1236 3,
226 1177 330 1225 201
364 1176 453 1224 ubi
482 1176 615 1224 linea
646 1174 970 1235 desideratur,
1003 1173 1065 1222 al.
1121 1175 1197 1222 est
1227 1173 1381 1221 etiam
1411 1172 1499 1220 ubi
1521 1172 1756 1221 librarius

49 1247 91 1302 F
129 1251 334 1301 lectioni
371 1250 491 1299 libri
527 1244 579 1300 M
615 1265 878 1313 perperam
918 1249 1150 1311 acceptae
1190 1247 1526 1297 coniecturam
1565 1247 1626 1294 de
1666 1263 1756 1296 suo

47 1327 447 1389 superstruxerit.
500 1325 661 1374 veluti
689 1324 715 1372 I
742 1326 790 1385 2,
816 1324 886 1372 60
919 1323 1052 1385 quod
1084 1324 1159 1371 est
1181 1323 1415 1383 deprenso
1439 1322 1490 1370 in
1515 1317 1562 1371 M
1589 1323 1758 1385 potuit

47 1402 151 1465 legi
187 1401 247 1450 de
276 1401 484 1462 preti-30,
523 1398 654 1448 unde
692 1399 778 1447 ille
818 1399 939 1446 fecit
969 1399 1028 1447 de
1050 1399 1278 1458 pretioso,
1339 1396 1463 1446 item
1491 1396 1571 1445 III
1603 1398 1652 1460 4,
1686 1398 1754 1445 63

47 1475 233 1526 osidere
262 1467 362 1542 (M)
393 1471 666 1539 ,‚correxit“
692 1475 746 1520 in
770 1473 998 1522 obsidere.
1044 1471 1124 1521 ΠΙ
1151 1473 1197 1533 2,
1225 1472 1290 1520 61
1319 1472 1512 1535 legerat
1535 1486 1758 1520 amman-

47 1552 176 1600 tibus
204 1566 295 1613 pro
326 1549 662 1598 animantibus
694 1547 1054 1610 subposuitque
1083 1547 1376 1596 amantibus.
1423 1546 1451 1594 I
1469 1547 1516 1609 5,
1537 1548 1566 1595 9
1592 1547 1758 1595 Pomte

48 1627 309 1675 invenerat
338 1624 392 1673 in
413 1618 464 1674 M
495 1623 687 1686 sibique
712 1622 848 1672 visus
874 1625 948 1672 est
971 1621 1233 1671 emendare
1256 1621 1421 1670 Ponte.
1478 1621 1563 1670 sed
1588 1636 1757 1670 omnes

47 1702 182 1749 inter
225 1694 276 1750 M
323 1701 375 1748 et
419 1694 460 1748 F
508 1698 869 1761 discrepantias
915 1699 1133 1746 tractare
1178 1712 1278 1745 non
1323 1695 1464 1744 licet:
1519 1695 1757 1758 exemplis

47 1773 404 1824 illustrandum
439 1775 516 1822 est
544 1788 644 1835 qua
675 1771 926 1822 scribendi
955 1771 1151 1821 ratione
1182 1771 1419 1819 librarius
1450 1765 1493 1822 F
1524 1786 1642 1820 usus
1675 1773 1755 1820 sit.

48 1849 279 1913 plurimis
319 1850 488 1896 autem
524 1847 648 1897 locis
678 1843 720 1897 F
761 1846 823 1895 ab
862 1847 1009 1895 initio
1044 1846 1095 1894 id
1129 1847 1398 1908 scripserat
1429 1845 1564 1908 quod
1593 1846 1756 1908 primo

49 1923 230 1973 obtutu
267 1925 467 1986 poterat
503 1922 605 1987 legi
643 1922 695 1970 in
726 1916 800 1984 M,
839 1921 1016 1970 deinde
1055 1923 1325 1984 postquam
1363 1921 1473 1969 loco
1513 1920 1756 1969 attentius

49 1999 266 2062 perlecto
298 2013 517 2047 errorem
539 1997 805 2059 intellexit,
836 1997 1009 2046 statim
1034 1996 1305 2060 genuinam
1328 1994 1591 2044 lectionem
1614 2010 1756 2044 revo-

49 2074 198 2123 cavit.
254 2073 459 2136 longum
490 2074 566 2120 est
597 2071 766 2120 omnia
794 2071 918 2121 haec
950 2070 1175 2133 exempla
1206 2070 1444 2133 proferre,
1475 2069 1561 2118 sed
1583 2069 1756 2132 paucis

48 2147 282 2198 lectorem
321 2146 547 2195 fraudari
584 2146 738 2197 nolui.
800 2145 825 2194 I
860 2148 907 2208 2,
943 2146 1046 2195 108
1091 2145 1145 2193 in
1175 2159 1295 2194 voce
1319 2148 1526 2206 patrwm
1555 2144 1756 2193 litterae

40 2238 82 2284 p
119 2224 372 2286 superiore
412 2224 556 2285 parte
593 2236 693 2271 non
732 2221 984 2283 conclusa,
1023 2219 1108 2270 sed
1148 2219 1366 2269 distante
1404 2219 1573 2282 potuit
1606 2219 1707 2284 legi
1734 2219 1760 2267 4

48 2292 145 2364 (=
161 2290 290 2363 vel):
322 2295 589 2359 scripserat
610 2297 768 2359 igitur
792 2291 831 2346 F
856 2295 931 2344 vel
961 2298 1146 2345 atrum:
1178 2295 1379 2359 cognito
1405 2309 1570 2343 errore
1593 2295 1756 2357 prima

46 2386 224 2420 manus
254 2371 330 2420 vel
360 2370 546 2420 delevit
577 2373 627 2420 et
649 2386 688 2431 p
720 2371 987 2433 supplevit.
1039 2369 1092 2418 H
1119 2371 1167 2430 2,
1192 2371 1261 2418 47
1295 2370 1419 2418 dwm
1447 2371 1563 2417 ttere
1594 2371 1758 2419 exstat

47 2446 102 2494 in
132 2440 196 2496 M.
258 2445 357 2495 duo
396 2444 640 2494 vocabula
679 2461 784 2495 esse
822 2448 964 2495 ratus
1003 2444 1239 2493 librarius
1278 2443 1480 2507 scripsit
1509 2445 1579 2492 ἀᾱ
1609 2447 1755 2502 terre:

47 2535 197 2570 versu
227 2520 474 2583 completo
506 2535 721 2570 errorem
753 2518 1038 2569 emendavit
1068 2518 1245 2568 deletis
1275 2519 1353 2569 his
1378 2517 1542 2569 verbis
1566 2520 1618 2567 et
1641 2518 1757 2567 sub-

48 2596 228 2644 stituta
265 2609 385 2644 voce
417 2596 664 2643 dimittere.
726 2593 799 2643 IV
826 2597 874 2656 2,
903 2595 993 2644 19:
1033 2594 1215 2643 atlwnte
1245 2594 1300 2643 in
1329 2588 1381 2643 M
1411 2593 1485 2642 ita
1515 2594 1757 2655 scriptum

49 2673 146 2732 est,
183 2673 242 2718 ut
277 2685 313 2718 n
350 2669 497 2719 facile
537 2668 719 2732 aliquis
757 2668 895 2734 legat
931 2684 1023 2732 pro
1061 2669 1117 2717 tl:
1156 2668 1210 2718 id
1241 2667 1378 2731 quod
1407 2668 1461 2716 in
1492 2662 1533 2716 F
1566 2668 1754 2716 factum

49 2746 144 2793 est:
179 2743 378 2794 exhibet
409 2745 541 2792 enim
572 2743 653 2793 hic
681 2743 830 2793 liber:
863 2758 931 2804 ῳῃ
961 2743 1156 2793 atlante.
1219 2742 1266 2790 V
1294 2746 1341 2805 1,
1369 2744 1435 2791 12
1468 2743 1522 2790 in
1552 2741 1680 2792 libro
1712 2736 1754 2791 F

38 2821 247 2880 perenni
284 2821 447 2868 exstat
485 2819 757 2867 correctum
794 2834 853 2867 ex
875 2833 1079 2880 pereum
1110 2818 1203 2867 hoc
1235 2818 1555 2883 neglegenter
1585 2817 1755 2882 legens

48 2908 107 2942 ex
128 2892 439 2943 Matritensis
463 2892 674 2942 lectione
698 2893 882 2956 aliquis
905 2894 1073 2956 potuit
1096 2892 1285 2942 elicere.
1336 2891 1382 2938 V
1400 2893 1449 2954 3,
1469 2892 1574 2940 209
1601 2907 1754 2955 quam
