2034 3126
770 104 1112 151 PRAEFATIO
1629 102 1799 149 LXVII

172 247 356 311 quibus
402 248 523 298 locis
569 250 672 296 tres
717 247 846 295 addo
892 246 975 295 ubi
1025 246 1230 295 lectioni
1276 261 1396 294 suae
1444 248 1485 294 οες
1532 245 1801 309 adscripsit

95 323 400 383 Politianus,
447 336 570 384 quos
616 324 786 370 tamen
825 338 883 370 ex
923 320 1090 370 codice
1128 319 1389 385 Poggiano
1429 323 1653 382 sumptos
1694 335 1799 369 esse

94 396 351 460 probabile
384 400 480 446 est:

187 471 234 517 V
261 474 308 531 1,
335 471 464 520 189:
496 470 575 519 De
605 479 692 520 ac:
722 470 810 519 Da
839 464 939 520 AM

224 545 271 591 V
296 546 345 605 3,
371 546 463 593 24:
496 545 581 593 tibi
613 554 699 594 ac:
731 547 783 592 lu
813 538 911 593 AM

222 620 269 666 V
294 621 344 681 4,
372 621 463 668 19:
495 619 645 668 levior
675 628 763 669 ac:
795 619 960 668 leviter
990 612 1088 667 AM

93 710 150 743 ex
181 695 260 744 his
289 694 446 759 igitur
474 694 599 743 locis
627 694 731 742 fere
762 693 999 742 trecentis
1029 693 1217 741 multae
1248 693 1347 742 nisi
1371 709 1429 742 ex
1453 693 1621 742 codice
1644 695 1796 742 notae

91 772 354 832 promptae
377 784 482 817 esse
505 785 604 817 non
624 770 848 830 possunt,
871 767 1225 830 plerarumque
1241 766 1301 816 de
1318 768 1509 831 orig-ine
1527 767 1796 816 admodum

90 843 365 906 probabilis
396 843 682 892 coniectura
711 844 801 903 est,
831 843 1004 905 paucis
1036 841 1158 891 locis
1192 845 1243 890 et
1273 841 1334 891 de
1365 858 1454 891 suo
1478 844 1648 905 potuit
1671 843 1795 890 hau-

91 919 189 967 rire
220 917 499 967 Politianus
530 917 800 982 genuinam
831 910 1157 982 lectionem.¹)

166 992 300 1055 quod
338 991 747 1041 Lundstroemius
785 985 1126 1059 (Quae-stiones
1162 991 1488 1052 Papinianae.
1559 991 1795 1054 Upsaliae

96 1068 238 1116 1893
272 1084 319 1130 p.
348 1062 485 1133 lsq.)
526 1067 867 1115 demonstrare
902 1065 1097 1116 studuit
1128 1081 1297 1114 omnes
1329 1068 1636 1115 correcturas
1668 1082 1797 1129 quae

91 1144 212 1191 nota
243 1144 428 1202 carent,
459 1157 518 1190 ex
541 1141 798 1206 Poggiano
829 1141 1035 1190 haustas
1067 1155 1171 1189 esse
1202 1156 1301 1189 non
1331 1143 1470 1189 recta
1491 1142 1576 1190 via
1600 1140 1799 1189 videtur

4 1222 12 1253 '«
92 1232 196 1266 esse
227 1231 533 1281 progressus
589 1216 886 1265 damnavere
918 1215 1078 1280 igitur
1107 1214 1205 1264 viri
1236 1215 1370 1264 docti
1399 1215 1532 1278 quod
1555 1215 1642 1264 ille
1667 1230 1798 1264 asse-

0 1357 19 1609 -.-ῑῗε;ι-ι
4 1341 12 1348 .

31 2927 38 2983 Ῐ
92 2942 365 2988 Moderatus
398 2942 655 2989 Columella.
703 2955 856 3000 progr.
884 2940 1141 2987 Caroliruh.
1170 2945 1284 2987 1889
1316 2956 1360 2999 p.
1390 2945 1457 3013 19.

92 1294 235 1340 cutus
268 1295 391 1353 erat,
421 1291 482 1341 cf.
502 1290 841 1351 Skutschium,
871 1290 1009 1339 Berl.
1018 1290 1188 1351 philol.
1217 1290 1378 1340 Woeh.
1409 1291 1551 1339 1894
1584 1307 1631 1353 p.
1653 1290 1796 1339 1514

90 1369 142 1415 et
178 1366 355 1415 Jahrb.
378 1367 416 1427 f.
441 1364 611 1414 Phaol.
639 1363 867 1413 CXLVII
908 1358 1104 1432 (1893)
1144 1381 1190 1427 p.
1226 1366 1417 1427 469sq.
1472 1367 1644 1413 tamen
1683 1379 1796 1413 cum

88 1440 222 1489 idem
252 1441 355 1489 fere
387 1456 479 1504 ego
510 1439 776 1500 docuerim,
808 1439 893 1489 sed
924 1439 1027 1488 alia
1051 1441 1102 1487 et
1126 1454 1184 1487 ea
1209 1439 1416 1487 certiore
1440 1441 1635 1488 ratione
1659 1454 1796 1501 usuS,

90 1531 255 1581 pauca
286 1515 486 1564 adnoto.
541 1515 795 1577 profectus
829 1516 999 1562 autem
1031 1517 1107 1563 est
1137 1512 1549 1562 Lundstroemius
1582 1530 1612 1563 a
1645 1514 1797 1562 colla-

89 1590 225 1639 tione
264 1589 507 1639 Politiani
553 1589 615 1638 ad
656 1588 986 1639 Columellam
1024 1589 1248 1637 confecta
1287 1604 1418 1638 anno
1461 1590 1619 1637 1493.
1683 1588 1795 1637 sub-

89 1665 290 1727 scripsit
328 1665 459 1713 enim
499 1663 727 1713 Parisino
760 1662 1066 1712 Columellae
1105 1663 1377 1726 exemplari
1388 1656 1454 1730 ²):
1493 1663 1674 1712 contuli
1710 1664 1797 1712 hos
1827 1661 1830 1665 ’

93 1738 352 1798 Columelle
397 1740 546 1788 libros
583 1753 666 1799 eqo
696 1737 917 1800 Anqdus
946 1738 1226 1787 Polibianus
1264 1753 1375 1787 cwm
1414 1738 1602 1787 duobus
1642 1752 1795 1787 exem-

27 1838 30 1844 ·
80 1815 326 1876 plaribus,
342 1815 493 1863 altero
510 1815 702 1875 quidem
715 1814 1049 1874 vetustissima,
1066 1813 1382 1874 lcmqobardis
1396 1816 1595 1862 exarato
1608 1813 1794 1870 litteris,

89 1904 147 1939 a
167 1891 371 1950 privata
396 1889 590 1948 Mediae
614 1890 772 1950 ymas
803 1884 1086 1938 bibliotheca
1116 1889 1256 1937 cuius
1286 1890 1403 1936 nota
1434 1891 1503 1937 est
1526 1913 1536 1923 ·
1556 1898 1616 1938 a·
1642 1889 1795 1936 altero

87 1962 288 2013 Nic-olai
302 1963 465 2012 Nicoli
488 1978 642 2012 manu
665 1963 902 2024 descripto
928 1978 984 2011 ex
1007 1966 1187 2011 vetusto
1211 1964 1324 2011 item
1347 1962 1506 2012 codice
1526 1977 1583 2011 ex
1589 1963 1796 2024 publica

89 2040 303 2088 eiusdem
348 2039 538 2100 famili}³
584 2038 804 2087 libraria.
875 2036 1081 2086 Servavi
1127 2040 1288 2086 autem
1334 2041 1468 2086 vetus
1513 2039 1794 2086 instibatum

90 2128 271 2174 meum,
309 2117 363 2161 ut
402 2115 549 2162 etiam:
586 2126 678 2174 que
713 2113 849 2173 falsa
878 2116 1110 2174 putarem
1146 2126 1246 2161 non
1276 2126 1566 2172 respuerem.
1629 2106 1794 2160 Adiu-

88 2189 273 2237 lcm'bus
318 2188 526 2236 Nicolao
564 2186 791 2236 Baldello
838 2190 883 2237 et
918 2187 1128 2236 Roberlo
1165 2187 1383 2235 Minatio
1431 2201 1490 2236 ac
1528 2187 1794 2236 Lactantio

87 2262 354 2323 Pontiano,
406 2262 744 2323 famuliaribus
795 2263 928 2311 meis.
1006 2261 1117 2310 ΙΙΙ.
1166 2262 1243 2310 Id.
1287 2262 1608 2311 Februarias.
1687 2263 1792 2323 ipso

88 2337 514 2387 bacchanaliorum
544 2338 622 2386 die
655 2338 813 2386 1493.
874 2338 1149 2397 florentiae,
1181 2350 1312 2384 anno
1341 2337 1580 2398 horribili,
1612 2338 1794 2385 bran-si-

84 2414 211 2461 luris
239 2414 296 2462 in
327 2412 534 2461 Italiam
566 2411 743 2461 Galus.
789 2412 913 2461 haec
944 2410 1147 2474 quidem
1178 2410 1457 2461 Politianus
1490 2427 1619 2460 anno
1653 2413 1790 2460 ante-

89 2502 239 2550 quam
262 2489 537 2537 moreretur
559 2485 773 2550 scripsit.
820 2485 1163 2552 cognoscimus
1188 2487 1356 2535 autem
1374 2485 1621 2549 optimum
1638 2486 1792 2534 fuisse

90 2560 222 2624 quod
261 2561 355 2610 sibi
394 2562 661 2624 praecepit.
723 2560 854 2625 quod
895 2560 1142 2624 quomodo
1173 2560 1415 2622 tenuerit,
1453 2561 1534 2609 hic
1567 2559 1694 2608 nihil
1727 2560 1792 2609 ad

87 2651 205 2686 rem.
224 2652 282 2685 ex
306 2635 469 2684 verbis
493 2637 713 2685 servavi.
733 2675 743 2686 .
762 2638 897 2685 vetus
911 2637 1186 2684 ira-summm
1201 2650 1361 2684 ‘mewm
1378 2634 1789 2684 Lundstroemius

165 2826 208 2879 1)
240 2822 288 2867 in
320 2823 586 2868 universum
612 2821 671 2868 de
694 2821 917 2867 Politiani
942 2822 1066 2867 notis
1091 2825 1215 2867 recte
1240 2821 1470 2867 iudicavit
1495 2819 1789 2866 Skutschius.

164 2885 211 2941 2)
241 2882 299 2928 cf.
311 2881 563 2939 naussum,
579 2883 672 2929 Die
686 2882 1087 2939 handschrifltliche
1103 2871 1447 2940 Uberlieserwny
1465 2881 1539 2925 cles
1550 2881 1606 2925 L.
1618 2881 1790 2926 Iunius

1465 3016 1519 3060 e*
