2034 3126
700 75 1013 122 SILVARUM
1044 77 1095 121 L.
1118 76 1175 132 11,
1201 82 1224 122 1

108 214 412 267 Maeonium
450 217 559 267 sive
595 215 689 266 ille
728 232 906 267 senem
942 213 1235 284 Troiaeque
1273 215 1479 269 labores

110 289 305 342 diceret
342 291 435 341 aut
472 306 622 341 casus
661 288 809 341 tarde
848 292 1128 341 remeantis
1167 288 1367 343 Ulixis:

107 367 222 432 ipse
259 366 411 433 pater
449 381 655 430 sensus,
693 366 800 432 ipsi
840 366 1088 432 stupuere
1125 367 1384 433 magistri.

110 439 311 491 scilicet
346 438 581 490 infausta
618 436 865 490 Lachesis
906 438 1170 491 cunabula
1208 438 1391 491 dextra

108 515 311 582 attigit,
350 514 404 565 et
438 515 642 582 gremio
680 531 906 582 puerum
945 513 1219 582 complexa
1255 513 1469 566 fovebat

108 586 337 640 Invidia:
374 588 472 639 issa
507 604 670 656 genas
712 589 764 639 et
802 586 1044 639 adultum
1083 605 1286 641 comere
1326 592 1544 656 crinem,

109 664 161 714 et
198 663 493 714 monstrare
532 664 669 714 artes
709 664 762 714 et
799 661 960 714 verba
996 662 1240 731 infigere,
1280 681 1414 732 quae
1450 682 1595 716 nunc

107 737 428 806 plangimus,
489 734 779 789 Herculeos
819 739 972 788 annis
1013 755 1235 806 aequare
1274 737 1481 791 labores

108 813 351 880 coeperat
389 809 703 880 adsurgens,
743 810 834 864 sed
873 810 1043 863 adhuc
1080 812 1311 864 infantia
1346 815 1517 882 iuxta3

106 889 214 938 iam
250 888 428 938 tamen
466 887 519 938 et
555 885 719 938 validi
757 903 970 955 gressus
1009 891 1569 956 mensuraquemaior

108 960 339 1013 cultibus
379 962 432 1013 et
469 963 612 1013 visae
650 978 815 1030 puero
857 960 1150 1013 decrescere
1187 964 1381 1030 veste8‚

107 1053 229 1087 cum
265 1035 365 1087 tibi
404 1053 535 1104 quas
573 1037 768 1102 vestes,
808 1052 943 1104 quae
979 1053 1091 1088 non
1128 1038 1426 1105 gestamina
1462 1039 1607 1090 mitis

105 1109 393 1163 festinabat
430 1111 573 1163 erus!
633 1109 881 1163 brevibus
921 1113 1285 1180 constringere
1322 1112 1488 1165 laenis

107 1187 324 1254 pectora
361 1186 415 1237 et
451 1187 682 1254 angusta
718 1185 851 1237 telas
891 1187 1061 1237 artare
1100 1186 1331 1255 lacerna3

107 1277 346 1312 enormes
385 1277 497 1312 non
533 1260 626 1312 ifle
666 1263 837 1328 sinus,
878 1259 969 1312 sed
1008 1278 1213 1330 semper
1252 1260 1318 1313 ad
1357 1279 1524 1315 annos

107 1337 255 1387 texta
291 1335 474 1404 legens
512 1334 671 1388 modo
709 1337 937 1404 puniceo
975 1334 1187 1387 velabat
1225 1338 1444 1404 amictu,

10 1412 12 1416 ’
105 1427 250 1462 1111110
287 1408 476 1461 herbas
514 1412 759 1462 imitante
799 1412 942 1478 sinu,
980 1427 1125 1462 nunc
1164 1410 1316 1463 dulce
1354 1410 1567 1464 rubenti

101 2332 151 2377 p.
177 2322 288 2364 42οε
330 2321 363 2363 t.
389 2332 433 2375 q.
457 2332 514 2363 ve

106 1486 327 1551 murice,
364 1501 509 1536 nunc
546 1487 682 1537 vivis
722 1484 920 1554 digitos
959 1484 1237 1537 incendere
1275 1489 1499 1555 gemmis

106 1558 393 1629 gaudebat:
430 1576 543 1612 non
579 1558 739 1612 turba
776 1577 972 1628 comes,
1010 1577 1123 1612 non
1159 1578 1382 1613 munera
1420 1564 1648 1614 cessant:

108 1634 225 1688 sola
261 1632 556 1687 verecundo
596 1633 774 1687 deerat
809 1636 1085 1704 praetexta
1122 1634 1311 1688 decori.

187 1707 348 1762 ‘haec
386 1708 604 1762 fortuna
641 1708 844 1762 domus.
907 1708 1109 1762 subitas
1148 1712 1366 1762 inimica
1403 1711 1599 1764 levavit

1738 78 1811 132 43

1729 453 1813 494 120

1729 826 1812 866 125

1728 1200 1813 1240 130

1728 1574 1813 1615 135

107 1782 274 1837 Parca
309 1801 515 1837 manus.
577 1801 705 1853 quo,
745 1783 888 1854 diva,
926 1785 1065 1838 feros
1105 1787 1283 1854 gravis
1325 1788 1491 1838 exeris
1531 1787 1776 1856 ungues?

228 1907 298 1943 110
329 1901 551 1956 stupuere
581 1914 630 1951 ςε
664 1899 871 1958 stipuere
968 1908 1041 1944 188
1073 1901 1141 1945 etz
1172 1900 1291 1945 haec
1324 1901 1560 1947 Baehrens
1651 1900 1812 1947 verba:

111 1961 281 2004 cuncta
311 1958 682 2006 Sanam-omina
713 1962 838 2006 1878
861 1974 912 2019 p.
937 1963 1000 2005 18
1143 1973 1285 2017 quae:
1323 1974 1463 2018 quem
1494 1961 1695 2020 Saenyer
1734 1987 1738 1990 ·

108 2027 181 2064 125
213 2018 317 2064 sed:
350 2021 399 2063 et
425 2019 743 2066 Marklandus
825 2019 895 2079 llll
921 2019 1055 2065 iuxta
1086 2022 1210 2077 (ante
1240 2035 1456 2066 rasuram
1479 2022 1576 2076 fuit
1598 2034 1638 2076 e,
1670 2022 1816 2068 voluit

108 2080 255 2138 ἐρίων
284 2079 508 2125 librarius
536 2078 707 2137 iuxta):
746 2079 895 2126 mixta
923 2079 993 2123 1¹
1081 2088 1152 2124 127
1185 2080 1335 2125 visae:
1367 2080 1523 2126 iussae
1556 2081 1757 2140 Saenyer

107 2146 181 2183 128
211 2138 301 2184 tibi
333 2151 452 2195 quas
483 2140 635 2184 vestes
658 2140 727 2197 (in
749 2140 989 2185 iteratione
1010 2141 1132 2187 vocis
1153 2141 1305 2185 vestes
1328 2141 1401 2186 nil
1423 2146 1487 2187 est
1509 2142 1813 2199 offensionis):

107 2202 142 2245 t.
161 2213 205 2256 q.
222 2198 357 2243 lanas
382 2199 686 2246 Hau-«maanus
710 2202 833 2245 1906
851 2214 897 2258 p.
916 2203 974 2246 41
1000 2202 1067 2258 (at
1086 2201 1313 2259 generalis
1335 2202 1463 2246 notio
1485 2202 1812 2260 efflaqitatur):

108 2260 143 2304 t.
167 2272 213 2315 q.
239 2258 359 2302 telas
391 2259 662 2362 Postqah'us
692 2262 816 2305 1906
838 2274 890 2318 p.
908 2262 1020 2305 321:
1054 2261 1086 2304 t.
1105 2274 1150 2317 q.
1168 2259 1348 2318 species
1383 2260 1662 2319 Grasberqer
1691 2264 1816 2307 1877

535 2317 603 2363 les
642 2319 711 2365 vel
743 2320 878 2365 tener
909 2318 1137 2365 assuescis
1169 2320 1389 2379 Saenyerz
1429 2319 1520 2365 tibi
1552 2321 1815 2377 quaesisses

108 2379 163 2424 ei.
196 2378 518 2424 Phillimon-ius
562 2378 684 2437 quod
726 2392 806 2439 eqo
851 2393 947 2425 non
991 2380 1214 2439 intelleyo.
1255 2380 1402 2425 locum
1441 2381 1641 2437 explicat
1681 2382 1814 2427 Mae-

107 2438 366 2508 naqhtenus
400 2441 525 2483 1890
553 2452 599 2496 p.
623 2440 717 2484 132
827 2446 899 2483 129
931 2438 1070 2484 herus
1100 2439 1150 2498 (h
1182 2439 1268 2485 del.
1291 2438 1373 2493 Μ’,
1406 2454 1505 2497 exp.
1530 2443 1590 2497 m)

1706 2454 1815 2485 con-

109 2499 361 2557 stringere:
394 2511 486 2543 non
520 2497 750 2557 stringere
782 2499 1050 2558 Postgatius
1079 2502 1199 2545 1905
1222 2513 1272 2558 p.
1301 2502 1391 2545 122
1414 2505 1665 2557 praeeunte
1692 2501 1812 2547 Otto-

107 2571 166 2603 ne
188 2560 315 2603 1887
331 2572 379 2616 p.
396 2560 488 2602 532
510 2557 593 2616 qui
615 2559 711 2616 ipse
732 2559 902 2604 maluit
913 2564 1025 2628 post
1046 2573 1086 2605 v.
1098 2562 1189 2606 130
1211 2560 1427 2606 lacunam
1443 2564 1639 2606 statuere
1654 2566 1815 2606 contra

107 2630 311 2672 sensum,
346 2631 435 2675 quo
466 2632 506 2662 v.
531 2620 623 2663 129
652 2630 764 2675 sq.a
787 2621 877 2664 131
906 2632 1130 2666 secernere
1159 2624 1366 2665 vetamur
1514 2627 1587 2663 18⁰
1620 2619 1815 2665 Pectora

108 2678 175 2735 (ct
204 2691 261 2723 ex
290 2679 335 2721 st
364 2676 449 2733 1¹)
601 2678 804 2736 augusta
833 2680 1056 2735 (angusta
1087 2681 1133 2735 ς)
1163 2678 1307 2725 telas:
1344 2681 1547 2737 angusta
1577 2680 1815 2737 temptans

108 2737 354 2783 Adrianus
379 2739 502 2782 1893
519 2750 565 2795 p.
579 2739 657 2782 31:
684 2740 968 2796 angustante
993 2737 1094 2783 alas
1121 2739 1387 2798 Postyatius
1413 2742 1529 2784 1905
1549 2742 1712 2796 11122.
1738 2739 1816 2785 sed

109 2797 223 2842 telae
252 2801 361 2842 sunt
392 2796 510 2842 idem
692 2811 732 2843 v.
758 2800 850 2844 129
882 2798 1042 2844 laenae
1186 2806 1259 2843 182
1291 2798 1451 2857 legens
1485 2813 1532 2848 5:
1567 2798 1695 2856 leges

111 2862 183 2900 rae
214 2854 343 2901 diva:
381 2855 485 2901 dira
553 2856 859 2902 meli-saeuus
892 2861 1015 2903 1877
1041 2872 1086 2915 p.
1112 2861 1204 2903 283
1340 2872 1520 2915 ungues
1556 2858 1813 2906 Mem-sius:

113 2928 292 2974 angues
