2034 3126
257 75 295 121 L
930 70 1275 118 PRAEFATIO

261 218 500 265 librorum
533 215 882 275 emendatores,
918 215 1272 274 tenuissentque
1293 215 1488 274 priores
1518 216 1683 262 minus
1711 216 1861 263 multo
1893 217 1965 264 Za-

262 291 392 339 boris
430 291 484 337 in
522 290 613 337 hac
650 304 704 337 re
743 303 890 349 quam
927 303 1059 336 mmo
1087 288 1320 336 habemus
1351 289 1647 336 haberemus.
1710 290 1840 350 vale,
1880 290 1964 351 qui

261 366 403 426 ἱερέες
435 367 483 415 ει
507 364 633 424 quod
663 363 830 411 sedulo
860 363 1087 423 fecimus:
1118 376 1260 421 queso
1292 362 1426 410 Boni
1457 364 1661 411 consule.

1177 451 1315 499 Tuus
1345 449 1565 512 Anyelus
1595 452 1884 501 Pontianus,

338 557 550 604 alterum
580 555 925 603 testimonium
957 554 1020 602 ad
1050 570 1250 602 versum
1280 554 1306 602 Ι
1326 556 1375 615 4,
1402 556 1495 602 86²²
1526 555 1834 618 adscriptum
1867 559 1963 605 est:

259 633 337 680 hic
373 645 544 679 versus
583 631 711 678 deest
746 631 800 677 in
839 630 960 678 libro
998 631 1318 677 vetustissimo
1341 631 1511 690 poyyii
1541 631 1626 690 qui
1657 645 1680 678 e
1706 633 1964 691 yermania

262 708 318 754 in
347 706 554 753 Italiam
585 707 654 752 est
682 705 879 752 relatus

336 779 468 842 quod
516 779 715 827 videtur
760 793 864 826 esse
912 778 1176 826 discrimen
1213 779 1346 825 inter
1384 779 1648 840 utrumque
1688 778 1851 827 locum
1890 804 1964 812 —

261 855 420 903 altero
468 869 526 901 ex
565 851 753 912 Gallia,
800 852 958 899 altero
1008 868 1065 899 ex
1105 851 1373 900 Germania
1411 852 1631 901 codicem
1667 853 1722 900 in
1760 853 1963 901 Italiam

260 929 664 992 transportatum
687 927 811 975 dicit
833 926 1115 974 Politianus
1135 925 1514 974 —iamdudum
1539 942 1569 974 a
1585 926 1964 976 Wachsmuthio

261 1005 311 1051 et
341 994 584 1069 Blassiol)
618 1001 922 1063 explicatum
954 1002 1048 1049 est:
1084 1000 1317 1049 Helvetia
1347 1000 1531 1048 librum
1564 1001 1828 1049 oriundum
1859 1017 1964 1050 esse

258 1079 371 1140 ipsa
401 1077 563 1140 Poggi
594 1076 810 1138 epistula
841 1075 1226 1125 demonstratur.

333 1152 467 1200 notis
509 1152 677 1199 autem
714 1150 817 1199 illis
857 1143 952 1217 (A)
995 1148 1290 1212 exemplaris
1326 1148 1604 1198 Gorsiniani
1645 1142 1726 1216 (a)
1759 1150 1966 1211 plurimi

258 1225 357 1274 viri
396 1240 598 1287 operam
639 1224 894 1273 dederunt.
955 1224 1148 1286 primus
1189 1224 1249 1271 de
1289 1224 1359 1272 013
1399 1222 1551 1271 verba
1585 1224 1706 1272 fecit
1735 1223 1963 1273 Handius

260 1300 374 1350 edit.
392 1299 546 1363 praef.
564 1316 612 1362 p.
630 1299 762 1347 XXI.
806 1299 936 1347 unde
970 1315 1061 1347 sua
1091 1299 1261 1346 hausit
1292 1298 1538 1355 Queckius
1571 1298 1687 1346 edit.
1705 1299 1860 1361 praef.
1876 1298 1964 1349 IV.

257 1377 368 1423 tum
406 1375 824 1423 Foerstemannus
872 1374 1018 1421 notas
1064 1373 1283 1435 inspexit
1327 1372 1380 1419 in
1419 1372 1618 1420 Imhofii
1662 1388 1828 1429 usum,
1876 1374 1966 1435 qui

261 1451 459 1498 centum
504 1449 608 1496 fere
655 1448 777 1496 locis
823 1447 1093 1496 manifesta
1139 1447 1320 1495 codicis
1359 1447 1608 1510 Poggiani
1652 1446 1867 1510 vestigia
1913 1462 1964 1496 se

260 1522 639 1586 deprehendisse
694 1524 781 1571 ait.
858 1522 1071 1570 Nohlius
1127 1522 1339 1583 denique
1390 1522 1477 1584 qui
1522 1521 1653 1569 male
1699 1521 1965 1569 Imhofium

257 1598 507 1646 intellexit
545 1591 616 1659 (p.
646 1590 763 1663 29),
802 1596 1067 1646 collatione
1109 1612 1281 1644 earum
1321 1596 1694 1644 accuratissima
1731 1611 1851 1644 usus
1887 1599 1964 1644 est

261 1689 410 1735 quam
442 1671 703 1734 Adolphus
735 1671 989 1736 Kiessling
1028 1673 1078 1718 et
1108 1670 1306 1719 Ulricus
1337 1670 1554 1719 Kochler
1583 1669 1808 1732 Hauptio
1849 1685 1962 1732 sup-

257 1747 622 1809 peditaverant.
686 1761 798 1794 cum
842 1761 960 1794 vero
1007 1745 1085 1792 illi
1124 1748 1332 1808 propter
1369 1746 1609 1806 temporis
1650 1745 1830 1793 aestivi
1867 1746 1961 1793 ini-

259 1823 508 1884 quitatem
561 1821 747 1869 librum
803 1821 944 1868 cuius
998 1819 1121 1868 folia
1175 1819 1392 1885 spongia
1438 1819 1622 1867 detrita
1668 1818 1962 1867 difficillime

258 1897 509 1959 leguntur,
540 1911 639 1943 non
665 1895 831 1957 quoad
853 1894 962 1942 fieri
984 1909 1129 1956 posse
1153 1893 1415 1956 putabant,
1440 1893 1722 1942 exhausisse
1747 1892 1843 1941 sibi
1865 1894 1962 1943 visi

259 1972 444 2031 essent,
489 1969 733 2017 Henricus
772 1969 933 2017 Kruse
979 1969 1163 2016 iterum
1207 1969 1350 2016 illam
1391 1968 1659 2016 editionem
1700 1968 1964 2030 consuluit,

260 2045 398 2094 0111113
448 2044 798 2093 adnotationes
837 2043 1024 2092 Hosius
1072 2043 1232 2090 denuo
1274 2042 1595 2091 examinavit.
1648 2042 1826 2090 horum
1866 2043 1964 2090 col-

258 2121 469 2168 lationes
516 2118 740 2167 Krohnio
794 2118 1016 2180 mihique
1068 2119 1269 2180 praesto
1318 2119 1473 2165 erant.
1551 2117 1795 2179 quaedam
1841 2117 1962 2164 olim

258 2194 380 2241 mihi
420 2193 699 2255 Drerupius
746 2194 935 2242 amicus
984 2193 1222 2241 enotavit.
1293 2195 1554 2254 praeterea
1594 2191 1964 2255 Zangemeister

259 2270 424 2317 totum
469 2267 720 2329 exemplar
759 2266 1106 2316 Corsinianum
1145 2266 1511 2329 depingendum
1551 2266 1745 2314 curavit
1783 2265 1960 2326 photo-

259 2343 511 2407 graphice,
544 2341 724 2403 quibus
755 2341 944 2391 tabulis
967 2342 1193 2390 Vollmer
1221 2356 1339 2389 usus
1372 2342 1461 2402 est,
1493 2341 1581 2402 qui
1612 2341 1789 2401 etipse
1811 2339 1960 2388 colla-

259 2418 445 2465 tionem
471 2431 611 2464 suam
635 2416 760 2463 mihi
782 2415 1247 2465 benevolentissime
1270 2414 1510 2477 permisit.
1554 2416 1702 2476 atque
1727 2416 1784 2461 ut
1807 2430 1961 2461 unum

258 2506 608 2554 praemoneam
646 2491 805 2538 multo
846 2492 959 2552 plus
991 2490 1216 2539 Vollmer
1255 2489 1349 2537 sibi
1378 2489 1686 2551 perspexisse
1717 2488 1852 2536 visus
1887 2490 1962 2536 est

260 2582 410 2628 quam
450 2565 537 2627 qui
573 2566 686 2613 ante
720 2581 832 2612 eum
863 2566 978 2613 illas
1009 2567 1154 2613 notas
1187 2564 1518 2612 contulerunt.
1581 2563 1662 2611 sed
1697 2578 1869 2611 vereor
1899 2578 1961 2610 ne

260 2641 470 2687 nimium
495 2640 752 2687 oculorum
777 2638 881 2688 3010
906 2639 1063 2687 fretus
1089 2655 1147 2687 ex
1169 2638 1356 2686 tabulis
1380 2653 1431 2686 se
1449 2637 1673 2685 elicuisse
1690 2637 1959 2699 putaverit.

259 2717 429 2762 tamen
462 2713 526 2761 ad
557 2714 782 2761 criticam
813 2713 1143 2761 factitandam
1173 2728 1351 2775 parum
1381 2713 1593 2759 interest
1614 2713 1783 2759 utrum
1809 2711 1960 2758 diser-

260 2791 368 2836 tum
402 2787 461 2835 de
496 2787 660 2836 codice
684 2788 941 2850 Poggiano
973 2789 1313 2835 testimonium
1341 2786 1660 2849 adscripserit
1683 2785 1961 2834 Politianus

337 2902 379 2957 1)
413 2899 469 2943 cf.
496 2900 612 2944 Mus.
640 2899 786 2944 Rhen.
813 2899 920 2942 XIX
952 2900 1103 2957 (1874)
1135 2914 1180 2955 p.
1209 2903 1307 2942 355.
1355 2898 1481 2942 XXX
1515 2899 1665 2954 (1875)
1696 2912 1741 2954 p.
1769 2901 1868 2940 461.
