2034 3126
782 12 1128 60 PRAEFATIO
1746 20 1806 64 LI

98 170 263 204 necne.
307 171 426 204 nam
457 156 606 203 etiam
634 171 693 202 ex
717 155 789 203 eis
810 155 1108 204 lectionibus
1133 171 1262 218 quae
1285 156 1448 206 indice
1473 174 1573 207 non
1599 163 1806 210 ornatae

99 232 231 291 sunt,
264 229 507 293 plurimas
538 228 604 277 ad
634 228 947 293 Poggianum
977 229 1140 278 redire
1171 229 1437 279 admodum
1469 233 1596 281 mihi
1624 235 1805 297 proba-

97 303 199 352 bile
232 307 320 354 est.
374 303 650 353 cavendum
682 306 851 353 autem
884 306 976 366 est,
1006 319 1068 353 ne
1098 319 1191 367 pro
1223 304 1369 354 certis
1402 322 1462 355 ea
1490 308 1805 360 venditemus

99 395 226 441 quae
247 378 475 428 Vollmer
504 394 564 426 ex
592 377 780 427 tabulis
804 377 1082 440 adnotavit,
1113 379 1298 428 omissa
1320 379 1384 428 ab
1409 379 1495 443 ei8‚
1528 383 1614 444 qui
1636 382 1805 446 ipsum

93 452 279 501 librum
323 453 658 516 inspexerunt.
728 452 920 501 accedit
966 453 1099 515 quod
1135 453 1223 502 ille
1262 453 1561 518 ubicumque
1598 458 1805 509 lectioni

7 528 10 531 ’
97 527 294 577 cuidam
346 527 450 575 tale
502 527 606 576 fere
652 527 850 592 signum
897 527 1123 577 additum
1170 529 1248 577 est
1285 540 1358 591 ¹..,
1411 531 1700 581 testimonia
1745 550 1805 582 ex

6 628 9 629 ν
96 602 354 667 Poggiano
392 601 605 665 proferri
643 601 738 651 sibi
776 602 1048 664 persuasit3
1086 602 1139 650 id
1177 602 1313 665 quod
1351 619 1451 653 non
1490 607 1681 654 certum
1715 610 1803 657 est.

172 676 389 726 contulit
443 678 613 725 autem
666 675 948 726 Politianus
1001 691 1146 725 suum
1203 678 1456 740 exemplar
1509 695 1620 728 cum
1673 681 1804 732 libro

11 782 17 793 2
95 750 354 816 Poggiano
391 751 489 813 ita,
527 753 586 799 ut
621 766 997 813 nonnumquam
1036 751 1333 802 lectionibus
1372 752 1579 803 adderet
1613 770 1666 805 co
1687 771 1805 819 μορ,

7 893 10 900 .
93 862 116 905 ἰ
152 856 191 904 1⁰
218 869 341 917 1²09»
386 825 525 917 ωιίὶἆ
562 856 671 917 cod,
707 861 728 903 ῖ
766 826 905 917 mg,
939 859 1017 903 ᾶίο
1048 856 1130 904 vel
1161 857 1294 918 sim,
1338 856 1518 918 quibus
1556 861 1689 909 notis
1730 861 1802 909 di-

94 932 227 979 serte
270 932 488 979 testatur
526 930 793 979 lectionem
831 932 1078 994 pertinere
1119 930 1183 978 ad
1222 930 1406 979 librum
1443 932 1589 980 illum
1627 933 1802 1001 Poggi.

97 1006 273 1054 contra
317 1004 405 1053 ubi
451 1021 510 1054 ex
556 1004 850 1054 Domitiana
896 1005 1114 1053 editione
1162 998 1241 1072 (c)
1289 1005 1483 1069 aliquid
1529 1009 1805 1073 exscripsit,

94 1079 176 1128 hic
204 1079 312 1128 illic
342 1094 465 1129 usus
497 1082 575 1128 est
595 1082 719 1129 nota
739 1081 835 1130 Do,
889 1095 1053 1144 pauca
1075 1082 1198 1129 nota
1221 1082 1262 1128 ce
1284 1081 1364 1128 vel
1389 1083 1434 1130 c⁰
1455 1081 1503 1130 h.
1522 1098 1562 1130 e.
1618 1085 1804 1147 συνήρα

94 1154 177 1202 vel
207 1156 394 1215 corriyo
424 1154 679 1218 adscripta
705 1154 1023 1220 significavit.
1075 1155 1170 1203 hoc
1192 1154 1339 1203 modo
1364 1171 1477 1203 eum
1500 1171 1617 1206 suas
1640 1159 1802 1221 ipsius

94 1230 403 1278 coniecturas
452 1229 752 1278 indicavisse
796 1229 1022 1294 vulgaris
1069 1229 1241 1292 opinio
1289 1232 1378 1278 est.
1457 1246 1583 1293 quae
1630 1234 1801 1283 tamen

94 1306 227 1353 stare
258 1319 358 1352 non
387 1305 569 1367 potest.
622 1305 770 1352 modo
802 1304 935 1353 enim
965 1304 1205 1353 lectiones
1237 1319 1349 1353 cum
1377 1304 1669 1355 Domitiana
1700 1308 1802 1357 edi-

92 1378 231 1428 tione
270 1381 598 1443 congruentes
636 1380 708 1428 sic
746 1379 1051 1443 significavit
1079 1379 1220 1427 velut
1248 1379 1295 1425 V
1329 1381 1376 1440 3,
1411 1380 1479 1428 98
1513 1383 1556 1430 c‘
1586 1384 1799 1433 tenuare.

89 1451 143 1502 Π
176 1454 225 1513 2,
257 1453 326 1501 82
359 1456 403 1503 c‘
430 1454 580 1502 limen
609 1456 670 1503 vi
695 1453 890 1518 λειμών.
950 1453 1026 1503 IV
1059 1454 1107 1515 3,
1143 1456 1207 1502 11
1244 1455 1295 1502 et
1330 1455 1395 1503 13
1431 1457 1472 1502 θ’
1502 1458 1609 1515 qui,
1647 1459 1797 1508 modo

0 1582 2 1587 ,
91 1527 331 1577 lectiones
375 1528 471 1577 hac
515 1529 638 1578 nota
680 1528 967 1593 insignivit,
1014 1543 1142 1592 quae
1190 1528 1309 1591 quin
1355 1528 1531 1577 itidem
1578 1532 1631 1578 in
1670 1532 1799 1582 libro

0 1640 1 1647 ,
90 1600 351 1666 Poggiano
376 1602 579 1666 fuerint,
601 1619 703 1652 non
727 1606 803 1652 est
826 1603 1049 1665 dubium,
1072 1602 1169 1652 0111
1189 1606 1236 1665 1,
1254 1605 1322 1652 53
1349 1606 1390 1651 0⁶
1413 1603 1510 1662 ede.
1563 1605 1643 1654 HI
1661 1607 1709 1669 5,
1728 1608 1797 1656 87

34 1668 38 1675 ’
91 1679 134 1726 ο·
171 1677 308 1739 teges.
370 1676 417 1724 v
452 1679 500 1739 1,
534 1678 639 1727 189
681 1680 723 1727 οε
752 1679 852 1728 Da.
914 1678 962 1725 v
994 1679 1043 1738 4,
1079 1679 1146 1726 19
1189 1680 1230 1727 ιι
1271 1671 1499 1745 (zoroaster.
1558 1679 1613 1728 11
1646 1682 1694 1743 2,
1728 1684 1795 1731 36

0 1798 3 1812 ,
35 1808 37 1810 ,
90 1750 156 1801 ad
179 1751 442 1801 lectionem
466 1752 702 1802 editionis
726 1764 760 1804 a
784 1769 911 1816 quae
935 1755 1013 1802 est
1034 1767 1207 1807 amos,
1238 1753 1527 1816 adscripsit:
1559 1757 1602 1804 σθ
1632 1771 1802 1806 amnes

0 1818 172 1864 'Do

0 1892 181 1950 ,Μ

197 1886 211 1910 ,
241 1848 285 1898 si
314 1847 560 1898 Vollmeri
591 1850 747 1900 oculis
777 1850 900 1899 fides
932 1852 1022 1911 est,
1052 1864 1212 1912 neque
1243 1849 1374 1898 enim
1405 1849 1487 1898 Do
1516 1867 1676 1914 neque
1698 1870 1800 1916 poy

89 1948 384 2011 agnoscunt,
407 1948 495 2009 qui
509 1946 674 2010 ipsum
691 1948 944 2010 exemplar
960 1945 1307 1997 Corsinianum
1324 1942 1620 2015 viderunt.¹)
1666 1950 1797 2000 illud

91 2021 261 2069 tamen
298 2020 514 2070 concedo
552 2021 818 2086 adscriptis
855 2021 1021 2071 verbis
1062 2036 1143 2084 eqo
1181 2024 1225 2070 0⁰
1262 2048 1331 2055 —
1370 2037 1487 2069 nam
1526 2023 1715 2073 nudum
1753 2029 1801 2075 σο

91 2094 175 2144 vix
220 2098 389 2159 potest
432 2094 647 2145 discerni
693 2112 724 2145 a
769 2099 812 2146 θ’
850 2123 919 2131 -
964 2096 1274 2145 Politianum
1322 2111 1437 2145 suas
1484 2099 1798 2150 coniecturas

89 2172 312 2231 notasse,
350 2169 434 2219 sed
474 2171 557 2219 vix
587 2171 664 2221 bis
694 2174 836 2220 terve
866 2172 959 2220 hac
989 2170 1350 2234 perspicuitate
1381 2186 1501 2220 usus
1534 2175 1622 2222 est.
1685 2174 1797 2236 plu-

89 2243 231 2293 rimis
253 2259 372 2293 vero
396 2246 530 2294 notis
550 2245 677 2295 m’hil
694 2247 895 2295 omnino
912 2246 1142 2309 adpinxit
1157 2245 1542 2308 saepissimeque
1558 2248 1797 2300 lectiones

46 2335 49 2338 ·
90 2317 323 2368 editionis
358 2320 574 2368 correxit
602 2337 663 2370 ne
695 2321 846 2370 verbo
878 2321 1080 2384 quidem
1112 2319 1305 2382 addito,
1345 2319 1475 2369 unde
1507 2322 1568 2370 de
1601 2324 1796 2387 origine

90 2393 356 2457 quicquam
404 2398 684 2457 appareret.
758 2395 981 2444 exoritur
1026 2395 1184 2460 igitur
1230 2395 1480 2457 quaesti0‚
1527 2396 1658 2445 unde
1704 2399 1798 2447 illa

88 2467 250 2531 petita
286 2469 413 2529 sint,
451 2484 579 2531 quae
614 2473 736 2519 nota
766 2474 984 2520 careant.
1046 2469 1181 2534 quod
1213 2472 1256 2518 si
1288 2472 1424 2519 certa
1454 2473 1648 2521 ratione
1680 2476 1795 2536 quis

89 2539 362 2592 diiudicare
394 2543 537 2606 velit,
576 2545 793 2608 primum
824 2561 935 2595 mea
966 2544 1166 2609 quidem
1202 2546 1452 2594 sententia
1481 2547 1618 2609 ipsas
1649 2550 1793 2597 notas

90 2619 320 2667 wcurate
367 2620 567 2680 oportet
611 2620 989 2684 contempletur.
1058 2634 1174 2668 nam
1213 2620 1345 2668 inter
1384 2635 1467 2668 eas
1507 2622 1627 2669 sunt
1665 2639 1795 2684 quae

88 2690 187 2740 nisi
225 2707 283 2741 ex
321 2691 451 2742 libro
489 2695 831 2759 manuscripto
870 2694 1069 2744 fluxisse
1109 2710 1208 2743 non
1240 2689 1463 2758 possintss
1511 2695 1650 2744 velut
1680 2711 1792 2747 cum

164 2851 208 2907 1)
239 2848 389 2895 solum
423 2851 536 2910 1²09.
560 2849 680 2910 legit
710 2850 1061 2911 Engelmannus
1094 2854 1151 2908 (v.
1176 2851 1318 2909 infra)
1349 2852 1398 2896 in
1430 2851 1623 2898 tabulis.

1462 2926 1522 2970 d-
