2034 3126
457 60 802 107 PRAEFATIO
833 60 1144 107 EDITION'IS
1174 60 1475 107 ALTERIUS
1550 61 1806 108 LXXXVII

172 205 198 253 I
224 205 273 266 6,
299 206 369 254 10
398 203 590 252 velaria
619 202 751 251 linea
772 198 874 252 A*:
906 203 1114 252 vellaria
1142 204 1274 252 linea
1295 198 1360 253 M.
1417 220 1514 266 quo
1539 204 1647 253 loco
1671 205 1803 254 linea

95 280 416 342 potissimum
444 278 623 328 testari
644 276 952 326 Politianum
981 279 1209 341 apparet,
1238 278 1292 325 in
1322 293 1442 326 voce
1467 279 1657 328 velaria
1681 279 1744 328 ad
1770 290 1802 330 a

92 369 147 403 se
180 353 468 417 adplicavit,
501 367 613 401 cum
642 352 852 402 vellaria
876 345 932 420 (i.
949 351 1175 414 bellaria,
1204 354 1263 401 ut
1287 345 1339 418 c)
1364 368 1465 401 non
1488 352 1802 419 intellegeret

98 432 187 477 aut
217 443 316 477 non
348 429 559 475 curaret.

171 503 198 551 I
224 504 273 564 6,
299 503 369 551 20
397 504 696 562 pregnantes
732 495 830 550 A*:
870 505 1136 562 preynates
1172 495 1235 550 M.
1306 500 1386 549 hic
1426 501 1709 551 Politianus
1750 503 1802 551 id

95 578 413 639 potissimum
458 575 562 640 egit
599 578 657 623 ut
685 576 1026 637 praeyrandes
1065 569 1159 643 (sic
1198 568 1256 642 a)
1298 576 1495 638 eiceret,
1542 577 1801 642 orthogra-

95 651 267 714 phiam
299 652 436 699 vocis
458 663 711 711 pracynas
739 651 904 699 minus
936 649 1159 699 curabat.

171 725 222 773 11
244 729 290 786 1,
308 725 376 774 88
402 725 623 786 Eleyisse
643 719 740 774 A*:
765 723 985 786 Fleyisse
1007 719 1070 774 Μ.
1118 724 1211 774 hoc
1234 724 1343 773 loco
1368 725 1508 774 facili
1532 741 1684 789 opera
1707 726 1803 775 Po-

94 799 304 848 litianus
321 815 493 849 verum
507 800 732 847 restituit
741 813 860 848 usus
876 799 1088 847 lectione
1102 799 1285 848 codicis
1298 794 1349 849 M
1361 799 1541 848 leviter
1553 803 1802 863 corrupta.

171 874 223 922 H
249 875 297 935 6,
323 875 355 923 3
387 874 592 923 aaederc
613 868 716 922 A*:
747 874 971 922 accedere
992 868 1043 923 Μ
1075 873 1162 922 sed
1188 889 1240 923 cc
1263 894 1321 914 ω
1346 890 1392 923 a.
1446 875 1616 937 itaque
1641 875 1804 925 obiter

94 948 284 1014 legenti
324 948 466 997 nulla
504 947 799 996 differentia.
863 964 1167 1012 quamquam
1200 948 1250 996 in
1285 950 1587 1012 apographis
1619 949 1802 1000 codicis

94 1017 146 1073 Μ
175 1026 310 1072 recte
341 1038 392 1073 cc
421 1022 664 1085 scriptum
694 1016 831 1088 est.¹)

169 1097 315 1158 1112,
334 1098 400 1147 56
434 1096 589 1147 Sevus
619 1100 663 1146 et
690 1092 791 1147 A*:
828 1097 1016 1146 Saevus
1049 1112 1072 1145 e
1102 1091 1167 1146 Μ.
1221 1114 1331 1147 cum
1364 1097 1418 1146 in
1450 1108 1484 1147 a
1514 1099 1582 1146 sit
1612 1098 1803 1148 editum

91 1171 265 1221 Serius
289 1186 315 1220 e
327 1172 504 1234 puppi,
535 1171 818 1221 Politianus
841 1172 977 1221 haud
1001 1171 1148 1220 dubie
1173 1172 1313 1222 nisus
1338 1172 1505 1222 codice
1528 1167 1579 1222 Μ
1603 1189 1803 1222 versum

93 1247 397 1307 emendavit,
428 1246 512 1296 sed
543 1247 729 1295 lineam
759 1247 894 1296 infra
924 1246 1132 1296 verbum
1154 1247 1325 1296 Serius
1349 1247 1625 1296 ducendam
1648 1248 1803 1311 paulo

93 1321 296 1385 longius
327 1321 586 1384 produxit,
617 1322 691 1370 ita
723 1325 782 1371 ut
813 1338 837 1372 e
868 1322 1087 1371 deletum
1120 1337 1224 1371 esse
1256 1337 1469 1371 censeas.
1620 1329 1647 1369 Ο

168 1395 242 1443 IV
269 1398 317 1457 3,
342 1396 409 1445 81
450 1398 659 1446 servitus
698 1414 757 1445 ex
794 1397 999 1446 struitus
1037 1391 1138 1446 A*:
1185 1397 1390 1446 sto-uitus
1432 1390 1535 1464 (vel
1572 1390 1697 1464 scr—)
1738 1392 1802 1447 M.

92 1469 175 1519 hic
205 1470 472 1520 manifesto
502 1473 728 1521 tenemus
756 1471 1077 1534 Politianum,
1111 1471 1198 1534 qui
1229 1474 1434 1521 struitus
1464 1473 1672 1536 invenit,
1703 1488 1804 1521 ser-

92 1547 224 1594 vitus
254 1546 479 1594 correxit.

168 1619 215 1666 V
242 1621 291 1681 3,
316 1621 422 1670 209
461 1622 688 1682 luotaque
720 1616 817 1671 A*:
859 1621 1079 1682 biotaque
1116 1615 1189 1683 M,
1230 1620 1314 1670 sed
1353 1622 1429 1671 ita
1467 1623 1525 1670 ut
1563 1621 1803 1670 facillime

93 1695 322 1755 luotaque
351 1695 516 1760 legere
547 1697 721 1759 possis.

169 1769 214 1815 V
240 1771 290 1829 3,
316 1771 421 1819 219
461 1774 576 1819 tuus
605 1765 682 1821 Α*
720 1763 990 1838 (inusitata
1028 1770 1126 1819 sibi
1163 1770 1326 1820 forma
1357 1771 1557 1820 litterae
1589 1775 1606 1819 t
1636 1765 1802 1838 usus):

91 1859 210 1892 uuas
239 1838 304 1893 M.
366 1844 539 1894 eadem
569 1861 648 1894 res
680 1847 757 1894 est
788 1847 938 1908 atque
969 1844 1041 1892 IV
1068 1846 1116 1906 3,
1142 1845 1227 1895 81.

169 1918 247 1966 his
285 1918 444 1983 igitur
474 1919 596 1969 locis
629 1946 699 1954 —
731 1935 846 1969 nam
878 1921 1051 1968 utrum
1081 1920 1251 1968 veldae
1282 1936 1346 1968 an
1377 1921 1452 1969 vel
1483 1921 1597 1982 dae,
1635 1923 1803 1982 rotayc

89 2008 159 2041 an
198 1997 398 2054 rataque
435 1994 542 2042 sim,
582 1996 794 2044 testetur
832 1993 1135 2055 PolitianuS‚
1173 2010 1274 2043 non
1313 2010 1542 2044 curamus
1583 2022 1657 2028 —
1701 2011 1803 2044 non

91 2066 468 2117 demonstratur
490 2068 646 2118 alium
671 2069 889 2119 codicem
913 2069 976 2118 ab
1001 2085 1058 2118 eo
1075 2069 1327 2118 collatum.
1374 2071 1528 2119 immo
1546 2070 1801 2119 nonnullis

91 2141 466 2192 demonstratur
511 2144 669 2206 ipsum
719 2138 770 2194 M
816 2145 864 2192 ei
909 2147 1109 2208 praesto
1157 2144 1311 2193 fuisse
1359 2137 1444 2211 (cf.
1485 2146 1801 2207 potissimum

94 2215 146 2265 Π
165 2220 214 2279 6,
232 2211 304 2284 3).
351 2221 508 2267 restat
538 2234 669 2268 unus
701 2218 854 2281 locuS,
886 2234 984 2282 quo
1017 2234 1192 2268 revera
1216 2218 1408 2268 distant
1432 2219 1563 2268 inter
1586 2235 1637 2268 se
1661 2220 1801 2269 testi·

92 2293 264 2341 monia
302 2292 541 2342 Politiani
588 2296 638 2342 et
674 2293 998 2342 Matritensis,
1060 2292 1184 2342 dicit
1226 2295 1359 2342 enim
1398 2294 1596 2343 disertis
1637 2294 1801 2343 verbis

173 2421 215 2476 1)
247 2418 468 2464 similiter
501 2434 595 2465 non
626 2418 769 2465 aliam
802 2419 1059 2479 imaginem
1090 2419 1181 2464 nisi
1215 2420 1390 2466 codicis
1421 2425 1467 2464 Π
1499 2423 1609 2467 ante
1642 2421 1801 2466 oculos

95 2475 317 2523 habuisse
351 2478 636 2524 Politianum
666 2479 821 2526 elucet
852 2493 906 2524 ex
939 2483 1051 2525 nota
1083 2480 1144 2524 ad
1175 2480 1240 2524 IV
1254 2485 1295 2534 6,
1315 2485 1370 2524 87
1405 2480 1660 2538 adscripta.
1708 2495 1801 2537 quo

92 2535 198 2582 loco
229 2537 492 2583 Politianus
526 2539 575 2583 in
608 2539 769 2585 codice
800 2540 1004 2597 primum
1040 2540 1242 2586 Cenabat
1272 2540 1445 2598 legisse
1477 2543 1526 2586 et
1556 2541 1677 2586 hanc
1707 2540 1800 2586 lec·

92 2595 271 2642 tionem
311 2597 600 2655 improbasse
632 2598 828 2645 videtur.
891 2602 992 2645 tum
1027 2602 1236 2646 Ornabat
1266 2600 1314 2645 in
1348 2599 1508 2645 codice
1542 2600 1723 2646 dinovit
1754 2602 1802 2645 et

0 2679 4 2682 ·
94 2656 239 2702 verbs
280 2671 401 2714 quae
450 2672 595 2716 supra
634 2659 838 2706 Cenabat
883 2660 967 2717 (sic
1015 2663 1060 2718 ι)
1108 2660 1378 2717 scripserat,
1428 2660 1602 2705 delevit
1642 2660 1801 2717 (verba

0 2822 3 2827 ,
93 2776 190 2820 tuit
220 2775 482 2822 Politianus
521 2777 569 2822 in
606 2777 707 2823 sola

95 2714 462 2775 Zangemeisteri
494 2717 621 2776 apud
653 2717 1029 2823 Enffilmannum
1061 2723 1247 2823 {2132}
1303 2720 1494 2765 haerere
1519 2722 1686 2789 ‘autem
1718 2734 1799 2778 po-

92 2833 220 2881 lines
266 2835 352 2881 ills.
393 2836 557 2893 rubra,
603 2852 698 2895 qua
735 2779 1577 2897 inittitzlltgsnsbingffiffinzcs.xzzffrahlg.
1594 2781 1804 2897 Olgaligg

93 2894 391 2941 obscuratum
425 2899 517 2950 est,
551 2899 604 2942 ut
637 2897 837 2944 Cenabat
867 2898 963 2957 legi
995 2898 1157 2957 possit.
