<?xml version="1.0" encoding="UTF-8"?>
<!DOCTYPE html PUBLIC "-//W3C//DTD XHTML 1.0 Transitional//EN"
    "http://www.w3.org/TR/xhtml1/DTD/xhtml1-transitional.dtd">
<html xmlns="http://www.w3.org/1999/xhtml" xml:lang="en" lang="en">
 <head>
  <title>
</title>
<meta http-equiv="Content-Type" content="text/html;charset=utf-8" />
  <meta name='ocr-system' content='tesseract 3.04.00' />
  <meta name='ocr-capabilities' content='ocr_page ocr_carea ocr_par ocr_line ocrx_word'/>
</head>
<body>
  <div class='ocr_page' id='page_1' title='image "./ppapinistatisilv00statuoft_0086.png"; bbox 0 0 2034 3126; ppageno 0'>
   <div class='ocr_carea' id='block_1_1' title="bbox 436 510 1805 575">
    <p class='ocr_par' dir='ltr' id='par_1_1' title="bbox 436 510 1805 575">
     <span class='ocr_line' id='line_1_1' title="bbox 436 510 1805 575; baseline 0.001 -2"><span class='ocrx_word' id='word_1_1' title='bbox 436 510 891 573; x_wconf 84' lang='lat' dir='ltr'><strong>PRAEFATIO</strong></span> <span class='ocrx_word' id='word_1_2' title='bbox 939 511 1343 573; x_wconf 84' lang='lat' dir='ltr'>EDITIONIS</span> <span class='ocrx_word' id='word_1_3' title='bbox 1393 514 1805 575; x_wconf 79' lang='lat' dir='ltr'><strong>ALTERIUS.</strong></span> 
     </span>
    </p>
   </div>
   <div class='ocr_carea' id='block_1_2' title="bbox 266 649 1983 1088">
    <p class='ocr_par' dir='ltr' id='par_1_2' title="bbox 266 649 1983 1088">
     <span class='ocr_line' id='line_1_2' title="bbox 345 649 1971 713; baseline 0.001 -16"><span class='ocrx_word' id='word_1_4' title='bbox 345 650 536 698; x_wconf 89' lang='lat' dir='ltr'><strong>duabus</strong></span> <span class='ocrx_word' id='word_1_5' title='bbox 582 649 896 711; x_wconf 88' lang='lat' dir='ltr'><strong>potissimum</strong></span> <span class='ocrx_word' id='word_1_6' title='bbox 939 649 1082 698; x_wconf 90' lang='lat' dir='ltr'><strong>rebus</strong></span> <span class='ocrx_word' id='word_1_7' title='bbox 1123 649 1520 698; x_wconf 77' lang='lat' dir='ltr'><strong>demonstrandis</strong></span> <span class='ocrx_word' id='word_1_8' title='bbox 1557 651 1611 698; x_wconf 93' lang='lat' dir='ltr'><strong>in</strong></span> <span class='ocrx_word' id='word_1_9' title='bbox 1648 652 1828 713; x_wconf 87' lang='lat' dir='ltr'><strong>prioris</strong></span> <span class='ocrx_word' id='word_1_10' title='bbox 1868 651 1971 699; x_wconf 89' lang='lat' dir='ltr'><strong>edi-</strong></span> 
     </span>
     <span class='ocr_line' id='line_1_3' title="bbox 266 723 1970 788; baseline 0.001 -16"><span class='ocrx_word' id='word_1_11' title='bbox 266 724 422 773; x_wconf 89' lang='lat' dir='ltr'><strong>tionis</strong></span> <span class='ocrx_word' id='word_1_12' title='bbox 476 723 787 786; x_wconf 72' lang='lat' dir='ltr'><strong>praefatione</strong></span> <span class='ocrx_word' id='word_1_13' title='bbox 843 739 1042 786; x_wconf 82' lang='lat' dir='ltr'><strong>operam</strong></span> <span class='ocrx_word' id='word_1_14' title='bbox 1091 723 1329 772; x_wconf 78' lang='lat' dir='ltr'><strong>dedimus.</strong></span> <span class='ocrx_word' id='word_1_15' title='bbox 1400 726 1590 788; x_wconf 87' lang='lat' dir='ltr'><strong>egimus</strong></span> <span class='ocrx_word' id='word_1_16' title='bbox 1638 725 1770 773; x_wconf 90' lang='lat' dir='ltr'><strong>enim</strong></span> <span class='ocrx_word' id='word_1_17' title='bbox 1817 727 1867 774; x_wconf 89' lang='lat' dir='ltr'><strong>et</strong></span> <span class='ocrx_word' id='word_1_18' title='bbox 1910 725 1970 774; x_wconf 93' lang='lat' dir='ltr'><strong>de</strong></span> 
     </span>
     <span class='ocr_line' id='line_1_4' title="bbox 270 791 1983 864; baseline 0.001 -17"><span class='ocrx_word' id='word_1_19' title='bbox 270 798 435 848; x_wconf 88' lang='lat' dir='ltr'><strong>codice</strong></span> <span class='ocrx_word' id='word_1_20' title='bbox 460 798 743 847; x_wconf 87' lang='lat' dir='ltr'><strong>Matritensi</strong></span> <span class='ocrx_word' id='word_1_21' title='bbox 777 791 873 864; x_wconf 82' lang='lat' dir='ltr'><strong>(M)</strong></span> <span class='ocrx_word' id='word_1_22' title='bbox 908 798 1132 847; x_wconf 88' lang='lat' dir='ltr'><strong>omnium</strong></span> <span class='ocrx_word' id='word_1_23' title='bbox 1164 798 1462 860; x_wconf 85' lang='lat' dir='ltr'><strong>quicumque</strong></span> <span class='ocrx_word' id='word_1_24' title='bbox 1491 801 1707 847; x_wconf 89' lang='lat' dir='ltr'><strong>aetatem</strong></span> <span class='ocrx_word' id='word_1_25' title='bbox 1732 800 1983 862; x_wconf 51' lang='lat' dir='ltr'><strong>tulerunt,¹</strong></span> 
     </span>
     <span class='ocr_line' id='line_1_5' title="bbox 271 865 1974 939; baseline 0.001 -18"><span class='ocrx_word' id='word_1_26' title='bbox 271 873 526 921; x_wconf 88' lang='lat' dir='ltr'><strong>communi</strong></span> <span class='ocrx_word' id='word_1_27' title='bbox 553 873 744 936; x_wconf 85' lang='lat' dir='ltr'><strong>origine</strong></span> <span class='ocrx_word' id='word_1_28' title='bbox 756 865 800 939; x_wconf 82' lang='grc'><strong>1)</strong></span> <span class='ocrx_word' id='word_1_29' title='bbox 826 875 876 919; x_wconf 89' lang='lat' dir='ltr'><strong>et</strong></span> <span class='ocrx_word' id='word_1_30' title='bbox 900 872 960 921; x_wconf 91' lang='lat' dir='ltr'><strong>de</strong></span> <span class='ocrx_word' id='word_1_31' title='bbox 983 874 1115 922; x_wconf 88' lang='lat' dir='ltr'><strong>notis</strong></span> <span class='ocrx_word' id='word_1_32' title='bbox 1140 888 1170 921; x_wconf 87' lang='lat' dir='ltr'><strong>a</strong></span> <span class='ocrx_word' id='word_1_33' title='bbox 1194 873 1444 921; x_wconf 90' lang='lat' dir='ltr'><strong>Politiano</strong></span> <span class='ocrx_word' id='word_1_34' title='bbox 1471 872 1705 922; x_wconf 78' lang='lat' dir='ltr'><strong>editionis</strong></span> <span class='ocrx_word' id='word_1_35' title='bbox 1730 874 1974 937; x_wconf 90' lang='lat' dir='ltr'><strong>principis</strong></span> 
     </span>
     <span class='ocr_line' id='line_1_6' title="bbox 270 941 1973 1014; baseline 0.002 -19"><span class='ocrx_word' id='word_1_36' title='bbox 270 947 542 1010; x_wconf 84' lang='lat' dir='ltr'><strong>exemplari</strong></span> <span class='ocrx_word' id='word_1_37' title='bbox 568 946 859 996; x_wconf 83' lang='lat' dir='ltr'><strong>Corsiniano</strong></span> <span class='ocrx_word' id='word_1_38' title='bbox 892 941 1219 1014; x_wconf 77' lang='lat' dir='ltr'><strong>adscriptis.²)</strong></span> <span class='ocrx_word' id='word_1_39' title='bbox 1268 949 1417 1010; x_wconf 88' lang='lat' dir='ltr'><strong>atque</strong></span> <span class='ocrx_word' id='word_1_40' title='bbox 1450 963 1480 996; x_wconf 87' lang='lat' dir='ltr'><strong>a</strong></span> <span class='ocrx_word' id='word_1_41' title='bbox 1511 948 1678 996; x_wconf 91' lang='lat' dir='ltr'><strong>codice</strong></span> <span class='ocrx_word' id='word_1_42' title='bbox 1708 943 1758 997; x_wconf 85' lang='grc' dir='ltr'><strong>Μ</strong></span> <span class='ocrx_word' id='word_1_43' title='bbox 1783 951 1973 998; x_wconf 92' lang='lat' dir='ltr'><strong>ceteros</strong></span> 
     </span>
     <span class='ocr_line' id='line_1_7' title="bbox 270 1014 1975 1088; baseline 0 -17"><span class='ocrx_word' id='word_1_44' title='bbox 270 1022 564 1071; x_wconf 86' lang='lat' dir='ltr'><strong>descendere</strong></span> <span class='ocrx_word' id='word_1_45' title='bbox 597 1038 766 1071; x_wconf 89' lang='lat' dir='ltr'><strong>omnes</strong></span> <span class='ocrx_word' id='word_1_46' title='bbox 798 1021 900 1070; x_wconf 88' lang='lat' dir='ltr'><strong>iam</strong></span> <span class='ocrx_word' id='word_1_47' title='bbox 933 1014 1308 1088; x_wconf 73' lang='lat' dir='ltr'><strong>consentiunt.³)</strong></span> <span class='ocrx_word' id='word_1_48' title='bbox 1366 1023 1535 1070; x_wconf 84' lang='lat' dir='ltr'><strong>tamen</strong></span> <span class='ocrx_word' id='word_1_49' title='bbox 1567 1025 1683 1070; x_wconf 87' lang='lat' dir='ltr'><strong>sunt</strong></span> <span class='ocrx_word' id='word_1_50' title='bbox 1714 1024 1801 1085; x_wconf 93' lang='lat' dir='ltr'><strong>qui</strong></span> <span class='ocrx_word' id='word_1_51' title='bbox 1832 1022 1975 1071; x_wconf 88' lang='lat' dir='ltr'><strong>dubi-</strong></span> 
     </span>
    </p>
   </div>
   <div class='ocr_carea' id='block_1_3' title="bbox 273 1115 629 1122">
    <p class='ocr_par' dir='ltr' id='par_1_3' title="bbox 273 1115 629 1122">
     <span class='ocr_line' id='line_1_8' title="bbox 273 1115 629 1122; baseline 0 2004"><span class='ocrx_word' id='word_1_52' title='bbox 273 1115 629 1122; x_wconf 95' lang='lat' dir='ltr'><strong> </strong></span> 
     </span>
    </p>
   </div>
   <div class='ocr_carea' id='block_1_4' title="bbox 265 1163 2034 2956">
    <p class='ocr_par' dir='ltr' id='par_1_4' title="bbox 266 1163 1974 1278">
     <span class='ocr_line' id='line_1_9' title="bbox 346 1163 1974 1222; baseline 0.001 -15"><span class='ocrx_word' id='word_1_53' title='bbox 346 1166 389 1222; x_wconf 86' lang='lat'><strong>1)</strong></span> <span class='ocrx_word' id='word_1_54' title='bbox 415 1178 510 1220; x_wconf 87' lang='lat' dir='ltr'><strong>qua</strong></span> <span class='ocrx_word' id='word_1_55' title='bbox 538 1163 723 1208; x_wconf 86' lang='lat' dir='ltr'><strong>ratione</strong></span> <span class='ocrx_word' id='word_1_56' title='bbox 755 1163 902 1207; x_wconf 83' lang='lat' dir='ltr'><strong>codex</strong></span> <span class='ocrx_word' id='word_1_57' title='bbox 932 1163 1194 1208; x_wconf 86' lang='lat' dir='ltr'><strong>Palmensis</strong></span> <span class='ocrx_word' id='word_1_58' title='bbox 1224 1163 1373 1208; x_wconf 90' lang='lat' dir='ltr'><strong>Elteri</strong></span> <span class='ocrx_word' id='word_1_59' title='bbox 1403 1163 1571 1209; x_wconf 86' lang='lat' dir='ltr'><strong>merito</strong></span> <span class='ocrx_word' id='word_1_60' title='bbox 1602 1163 1652 1207; x_wconf 91' lang='lat' dir='ltr'><strong>in</strong></span> <span class='ocrx_word' id='word_1_61' title='bbox 1683 1163 1835 1209; x_wconf 90' lang='lat' dir='ltr'><strong>lucem</strong></span> <span class='ocrx_word' id='word_1_62' title='bbox 1866 1178 1974 1220; x_wconf 90' lang='lat' dir='ltr'><strong>pro-</strong></span> 
     </span>
     <span class='ocr_line' id='line_1_10' title="bbox 266 1222 1973 1278; baseline 0.001 -10"><span class='ocrx_word' id='word_1_63' title='bbox 266 1226 447 1268; x_wconf 75' lang='lat' dir='ltr'><strong>tractus</strong></span> <span class='ocrx_word' id='word_1_64' title='bbox 494 1237 600 1267; x_wconf 92' lang='lat' dir='ltr'><strong>cum</strong></span> <span class='ocrx_word' id='word_1_65' title='bbox 647 1222 814 1269; x_wconf 89' lang='lat' dir='ltr'><strong>ceteris</strong></span> <span class='ocrx_word' id='word_1_66' title='bbox 861 1223 1130 1278; x_wconf 84' lang='lat' dir='ltr'><strong>cohaereat,</strong></span> <span class='ocrx_word' id='word_1_67' title='bbox 1179 1223 1318 1268; x_wconf 91' lang='lat' dir='ltr'><strong>docui</strong></span> <span class='ocrx_word' id='word_1_68' title='bbox 1357 1222 1479 1268; x_wconf 90' lang='lat' dir='ltr'><strong>Berl.</strong></span> <span class='ocrx_word' id='word_1_69' title='bbox 1510 1223 1630 1268; x_wconf 88' lang='lat' dir='ltr'><strong>Phil.</strong></span> <span class='ocrx_word' id='word_1_70' title='bbox 1656 1223 1820 1269; x_wconf 88' lang='lat' dir='ltr'><strong>Woch.</strong></span> <span class='ocrx_word' id='word_1_71' title='bbox 1858 1229 1973 1269; x_wconf 82' lang='lat'>1905</span> 
     </span>
    </p>

    <p class='ocr_par' dir='ltr' id='par_1_5' title="bbox 267 1341 2034 2057">
     <span class='ocr_line' id='line_1_11' title="bbox 344 1341 1973 1399; baseline -0.001 -12"><span class='ocrx_word' id='word_1_72' title='bbox 344 1347 389 1398; x_wconf 82' lang='lat'><strong>2)</strong></span> <span class='ocrx_word' id='word_1_73' title='bbox 421 1344 580 1387; x_wconf 87' lang='lat' dir='ltr'><strong>actum</strong></span> <span class='ocrx_word' id='word_1_74' title='bbox 611 1343 684 1387; x_wconf 89' lang='lat' dir='ltr'><strong>est</strong></span> <span class='ocrx_word' id='word_1_75' title='bbox 716 1343 774 1386; x_wconf 90' lang='lat' dir='ltr'><strong>de</strong></span> <span class='ocrx_word' id='word_1_76' title='bbox 806 1341 873 1386; x_wconf 89' lang='lat' dir='ltr'><strong>eis</strong></span> <span class='ocrx_word' id='word_1_77' title='bbox 901 1342 1027 1386; x_wconf 87' lang='lat' dir='ltr'><strong>notis</strong></span> <span class='ocrx_word' id='word_1_78' title='bbox 1050 1344 1160 1399; x_wconf 89' lang='lat' dir='ltr'><strong>post</strong></span> <span class='ocrx_word' id='word_1_79' title='bbox 1181 1356 1335 1386; x_wconf 90' lang='lat' dir='ltr'><strong>meam</strong></span> <span class='ocrx_word' id='word_1_80' title='bbox 1359 1342 1616 1387; x_wconf 89' lang='lat' dir='ltr'><strong>editionem</strong></span> <span class='ocrx_word' id='word_1_81' title='bbox 1640 1342 1714 1387; x_wconf 92' lang='lat' dir='ltr'><strong>his</strong></span> <span class='ocrx_word' id='word_1_82' title='bbox 1739 1356 1973 1387; x_wconf 91' lang='lat' dir='ltr'><strong>commen-</strong></span> 
     </span>
     <span class='ocr_line' id='line_1_12' title="bbox 267 1402 1975 1460; baseline -0.001 -13"><span class='ocrx_word' id='word_1_83' title='bbox 267 1402 547 1447; x_wconf 83' lang='lat' dir='ltr'><strong>tationibus:</strong></span> <span class='ocrx_word' id='word_1_84' title='bbox 580 1403 634 1447; x_wconf 89' lang='lat' dir='ltr'><strong>A.</strong></span> <span class='ocrx_word' id='word_1_85' title='bbox 661 1402 968 1460; x_wconf 84' lang='lat' dir='ltr'><strong>Engelmann‚</strong></span> <span class='ocrx_word' id='word_1_86' title='bbox 1001 1403 1075 1447; x_wconf 87' lang='lat' dir='ltr'><strong>De</strong></span> <span class='ocrx_word' id='word_1_87' title='bbox 1105 1402 1227 1447; x_wconf 81' lang='lat' dir='ltr'><strong>Stati</strong></span> <span class='ocrx_word' id='word_1_88' title='bbox 1254 1403 1482 1447; x_wconf 83' lang='lat' dir='ltr'><strong>Silvarum</strong></span> <span class='ocrx_word' id='word_1_89' title='bbox 1518 1403 1761 1447; x_wconf 82' lang='lat' dir='ltr'><strong>codicibus.</strong></span> <span class='ocrx_word' id='word_1_90' title='bbox 1818 1402 1975 1459; x_wconf 85' lang='lat' dir='ltr'><strong>Leipz.</strong></span> 
     </span>
     <span class='ocr_line' id='line_1_13' title="bbox 269 1461 1970 1519; baseline 0 -13"><span class='ocrx_word' id='word_1_91' title='bbox 269 1462 400 1507; x_wconf 82' lang='lat' dir='ltr'><strong>Stud.</strong></span> <span class='ocrx_word' id='word_1_92' title='bbox 428 1466 484 1506; x_wconf 86' lang='lat'><strong>20</strong></span> <span class='ocrx_word' id='word_1_93' title='bbox 524 1464 678 1519; x_wconf 83' lang='lat'>(1902)</span> <span class='ocrx_word' id='word_1_94' title='bbox 717 1477 763 1519; x_wconf 91' lang='lat' dir='ltr'><strong>p.</strong></span> <span class='ocrx_word' id='word_1_95' title='bbox 791 1467 980 1506; x_wconf 83' lang='lat'><strong>1—144.</strong></span> <span class='ocrx_word' id='word_1_96' title='bbox 1022 1488 1077 1495; x_wconf 93' lang='lat'>—</span> <span class='ocrx_word' id='word_1_97' title='bbox 1120 1461 1166 1506; x_wconf 88' lang='lat' dir='ltr'><strong>C.</strong></span> <span class='ocrx_word' id='word_1_98' title='bbox 1192 1461 1526 1516; x_wconf 89' lang='lat' dir='ltr'><strong>Wachsmuth,</strong></span> <span class='ocrx_word' id='word_1_99' title='bbox 1565 1462 1638 1506; x_wconf 93' lang='lat' dir='ltr'><strong>Zu</strong></span> <span class='ocrx_word' id='word_1_100' title='bbox 1677 1462 1765 1507; x_wconf 77' lang='lat' dir='ltr'><strong>deu</strong></span> <span class='ocrx_word' id='word_1_101' title='bbox 1802 1463 1970 1506; x_wconf 77' lang='lat' dir='ltr'><strong>Haud-</strong></span> 
     </span>
     <span class='ocr_line' id='line_1_14' title="bbox 267 1521 1974 1578; baseline -0.001 -11"><span class='ocrx_word' id='word_1_102' title='bbox 267 1523 487 1577; x_wconf 78' lang='lat' dir='ltr'><strong>schrifteu</strong></span> <span class='ocrx_word' id='word_1_103' title='bbox 518 1523 598 1567; x_wconf 88' lang='lat' dir='ltr'><strong>der</strong></span> <span class='ocrx_word' id='word_1_104' title='bbox 621 1521 773 1567; x_wconf 80' lang='lat' dir='ltr'><strong>Silvae</strong></span> <span class='ocrx_word' id='word_1_105' title='bbox 797 1521 873 1566; x_wconf 80' lang='lat' dir='ltr'><strong>des</strong></span> <span class='ocrx_word' id='word_1_106' title='bbox 897 1521 1084 1566; x_wconf 77' lang='lat' dir='ltr'><strong>Statius.</strong></span> <span class='ocrx_word' id='word_1_107' title='bbox 1140 1521 1255 1566; x_wconf 90' lang='lat' dir='ltr'><strong>ibid.</strong></span> <span class='ocrx_word' id='word_1_108' title='bbox 1273 1537 1319 1578; x_wconf 89' lang='lat' dir='ltr'><strong>p.</strong></span> <span class='ocrx_word' id='word_1_109' title='bbox 1338 1525 1586 1566; x_wconf 81' lang='lat'><strong>203—214.</strong></span> <span class='ocrx_word' id='word_1_110' title='bbox 1607 1547 1662 1554; x_wconf 91' lang='lat'>—</span> <span class='ocrx_word' id='word_1_111' title='bbox 1680 1521 1730 1566; x_wconf 90' lang='lat' dir='ltr'><strong>F.</strong></span> <span class='ocrx_word' id='word_1_112' title='bbox 1748 1521 1974 1575; x_wconf 79' lang='lat' dir='ltr'><strong>Vollmer,</strong></span> 
     </span>
     <span class='ocr_line' id='line_1_15' title="bbox 268 1581 1974 1639; baseline 0 -13"><span class='ocrx_word' id='word_1_113' title='bbox 268 1581 462 1626; x_wconf 81' lang='lat' dir='ltr'><strong>Hermes</strong></span> <span class='ocrx_word' id='word_1_114' title='bbox 489 1586 545 1626; x_wconf 92' lang='lat'><strong>38</strong></span> <span class='ocrx_word' id='word_1_115' title='bbox 571 1583 723 1639; x_wconf 83' lang='lat'>(1903)</span> <span class='ocrx_word' id='word_1_116' title='bbox 741 1585 1047 1638; x_wconf 81' lang='lat' dir='ltr'><strong>p.134—139.</strong></span> <span class='ocrx_word' id='word_1_117' title='bbox 1068 1608 1123 1614; x_wconf 90' lang='lat'><strong>-—</strong></span> <span class='ocrx_word' id='word_1_118' title='bbox 1141 1581 1514 1638; x_wconf 87' lang='lat' dir='ltr'><strong>A.Engelmann‚</strong></span> <span class='ocrx_word' id='word_1_119' title='bbox 1538 1581 1856 1638; x_wconf 84' lang='lat' dir='ltr'><strong>ibid.p.285-</strong></span> <span class='ocrx_word' id='word_1_120' title='bbox 1871 1586 1974 1626; x_wconf 82' lang='lat'><strong>291.</strong></span> 
     </span>
     <span class='ocr_line' id='line_1_16' title="bbox 269 1640 1973 1698; baseline 0 -13"><span class='ocrx_word' id='word_1_121' title='bbox 269 1643 392 1686; x_wconf 92' lang='lat' dir='ltr'><strong>—A.</strong></span> <span class='ocrx_word' id='word_1_122' title='bbox 411 1641 564 1697; x_wconf 85' lang='lat' dir='ltr'><strong>Klotz,</strong></span> <span class='ocrx_word' id='word_1_123' title='bbox 588 1641 704 1685; x_wconf 91' lang='lat' dir='ltr'><strong>ibid.</strong></span> <span class='ocrx_word' id='word_1_124' title='bbox 721 1656 767 1698; x_wconf 92' lang='lat' dir='ltr'><strong>p.</strong></span> <span class='ocrx_word' id='word_1_125' title='bbox 786 1644 1037 1685; x_wconf 83' lang='lat'><strong>468—480.</strong></span> <span class='ocrx_word' id='word_1_126' title='bbox 1064 1668 1119 1674; x_wconf 87' lang='lat'><em>-</em></span> <span class='ocrx_word' id='word_1_127' title='bbox 1143 1641 1185 1685; x_wconf 85' lang='lat' dir='ltr'><strong>J.</strong></span> <span class='ocrx_word' id='word_1_128' title='bbox 1202 1641 1251 1685; x_wconf 93' lang='lat' dir='ltr'><strong>P.</strong></span> <span class='ocrx_word' id='word_1_129' title='bbox 1271 1640 1384 1685; x_wconf 91' lang='lat' dir='ltr'><strong>Post</strong></span> <span class='ocrx_word' id='word_1_130' title='bbox 1419 1642 1509 1695; x_wconf 88' lang='lat' dir='ltr'><strong>ate,</strong></span> <span class='ocrx_word' id='word_1_131' title='bbox 1536 1640 1761 1686; x_wconf 81' lang='lat' dir='ltr'><strong>Classical</strong></span> <span class='ocrx_word' id='word_1_132' title='bbox 1782 1640 1973 1685; x_wconf 84' lang='lat' dir='ltr'><strong>Review</strong></span> 
     </span>
     <span class='ocr_line' id='line_1_17' title="bbox 271 1699 1972 1758; baseline 0 -14"><span class='ocrx_word' id='word_1_133' title='bbox 271 1706 324 1745; x_wconf 84' lang='lat'><strong>17</strong></span> <span class='ocrx_word' id='word_1_134' title='bbox 352 1703 504 1758; x_wconf 85' lang='lat'>(1903)</span> <span class='ocrx_word' id='word_1_135' title='bbox 530 1716 577 1757; x_wconf 88' lang='lat' dir='ltr'><strong>p.</strong></span> <span class='ocrx_word' id='word_1_136' title='bbox 596 1705 846 1745; x_wconf 82' lang='lat'><strong>344—351.</strong></span> <span class='ocrx_word' id='word_1_137' title='bbox 890 1705 944 1744; x_wconf 88' lang='lat'><strong>18</strong></span> <span class='ocrx_word' id='word_1_138' title='bbox 971 1703 1123 1758; x_wconf 87' lang='lat'>(1904)</span> <span class='ocrx_word' id='word_1_139' title='bbox 1147 1717 1192 1758; x_wconf 86' lang='lat' dir='ltr'><strong>p.</strong></span> <span class='ocrx_word' id='word_1_140' title='bbox 1211 1705 1282 1745; x_wconf 87' lang='lat'><strong>43.</strong></span> <span class='ocrx_word' id='word_1_141' title='bbox 1310 1727 1365 1733; x_wconf 91' lang='lat'><em>-</em></span> <span class='ocrx_word' id='word_1_142' title='bbox 1422 1700 1495 1744; x_wconf 83' lang='lat' dir='ltr'><strong>.S.</strong></span> <span class='ocrx_word' id='word_1_143' title='bbox 1513 1699 1799 1755; x_wconf 84' lang='lat' dir='ltr'><strong>Phillimore,</strong></span> <span class='ocrx_word' id='word_1_144' title='bbox 1822 1700 1972 1758; x_wconf 80' lang='lat' dir='ltr'><strong>praef.</strong></span> 
     </span>
     <span class='ocr_line' id='line_1_18' title="bbox 269 1759 1973 1818; baseline 0 -13"><span class='ocrx_word' id='word_1_145' title='bbox 269 1760 491 1805; x_wconf 84' lang='lat' dir='ltr'><strong>editionis</strong></span> <span class='ocrx_word' id='word_1_146' title='bbox 525 1760 799 1804; x_wconf 87' lang='lat' dir='ltr'><strong>Oxoniensis</strong></span> <span class='ocrx_word' id='word_1_147' title='bbox 833 1763 999 1818; x_wconf 83' lang='lat'><strong>(1904).</strong></span> <span class='ocrx_word' id='word_1_148' title='bbox 1028 1787 1079 1792; x_wconf 93' lang='lat'>—</span> <span class='ocrx_word' id='word_1_149' title='bbox 1108 1760 1156 1805; x_wconf 92' lang='lat' dir='ltr'><strong>P.</strong></span> <span class='ocrx_word' id='word_1_150' title='bbox 1176 1759 1464 1816; x_wconf 88' lang='lat' dir='ltr'><strong>Thielscher,</strong></span> <span class='ocrx_word' id='word_1_151' title='bbox 1495 1761 1550 1806; x_wconf 83' lang='lat' dir='ltr'><strong>de</strong></span> <span class='ocrx_word' id='word_1_152' title='bbox 1574 1761 1716 1806; x_wconf 82' lang='lat' dir='ltr'><strong>Statii</strong></span> <span class='ocrx_word' id='word_1_153' title='bbox 1738 1761 1973 1806; x_wconf 80' lang='lat' dir='ltr'><strong>Silvarum</strong></span> 
     </span>
     <span class='ocr_line' id='line_1_19' title="bbox 268 1819 1971 1877; baseline -0.002 -10"><span class='ocrx_word' id='word_1_154' title='bbox 268 1821 376 1867; x_wconf 83' lang='lat' dir='ltr'><strong>Silii</strong></span> <span class='ocrx_word' id='word_1_155' title='bbox 407 1821 610 1865; x_wconf 73' lang='lat' dir='ltr'><strong>Manilii</strong></span> <span class='ocrx_word' id='word_1_156' title='bbox 639 1821 812 1877; x_wconf 76' lang='lat' dir='ltr'><strong>scripta</strong></span> <span class='ocrx_word' id='word_1_157' title='bbox 842 1822 1073 1866; x_wconf 83' lang='lat' dir='ltr'><strong>memoria.</strong></span> <span class='ocrx_word' id='word_1_158' title='bbox 1122 1820 1230 1864; x_wconf 89' lang='lat' dir='ltr'><strong>diss.</strong></span> <span class='ocrx_word' id='word_1_159' title='bbox 1261 1824 1375 1864; x_wconf 86' lang='grc'>1906</span> <span class='ocrx_word' id='word_1_160' title='bbox 1401 1842 1457 1857; x_wconf 88' lang='lat'>=</span> <span class='ocrx_word' id='word_1_161' title='bbox 1484 1819 1651 1864; x_wconf 90' lang='lat' dir='ltr'><strong>Philol.</strong></span> <span class='ocrx_word' id='word_1_162' title='bbox 1679 1823 1734 1863; x_wconf 86' lang='grc'><strong>66</strong></span> <span class='ocrx_word' id='word_1_163' title='bbox 1770 1819 1827 1864; x_wconf 88' lang='lat' dir='ltr'><strong>N.</strong></span> <span class='ocrx_word' id='word_1_164' title='bbox 1847 1820 1895 1864; x_wconf 80' lang='lat' dir='ltr'><strong>F.</strong></span> <span class='ocrx_word' id='word_1_165' title='bbox 1915 1824 1971 1864; x_wconf 83' lang='lat'><strong>20</strong></span> 
     </span>
     <span class='ocr_line' id='line_1_20' title="bbox 269 1879 2034 1940; baseline -0.001 -16"><span class='ocrx_word' id='word_1_166' title='bbox 269 1883 419 1938; x_wconf 81' lang='grc'>(1907)</span> <span class='ocrx_word' id='word_1_167' title='bbox 445 1895 489 1937; x_wconf 88' lang='lat' dir='ltr'><strong>p.</strong></span> <span class='ocrx_word' id='word_1_168' title='bbox 510 1883 730 1924; x_wconf 82' lang='lat'><strong>85—134.</strong></span> <span class='ocrx_word' id='word_1_169' title='bbox 757 1906 812 1912; x_wconf 94' lang='lat'><strong>—</strong></span> <span class='ocrx_word' id='word_1_170' title='bbox 839 1879 890 1924; x_wconf 87' lang='lat' dir='ltr'><strong>G.</strong></span> <span class='ocrx_word' id='word_1_171' title='bbox 913 1879 1119 1937; x_wconf 86' lang='lat' dir='ltr'><strong>Saenger</strong></span> <span class='ocrx_word' id='word_1_172' title='bbox 1151 1881 1208 1923; x_wconf 91' lang='lat' dir='ltr'><strong>de</strong></span> <span class='ocrx_word' id='word_1_173' title='bbox 1239 1880 1328 1923; x_wconf 87' lang='lat' dir='ltr'><strong>hac</strong></span> <span class='ocrx_word' id='word_1_174' title='bbox 1358 1894 1410 1924; x_wconf 86' lang='lat' dir='ltr'><strong>re</strong></span> <span class='ocrx_word' id='word_1_175' title='bbox 1431 1879 1570 1936; x_wconf 85' lang='lat' dir='ltr'><strong>plura</strong></span> <span class='ocrx_word' id='word_1_176' title='bbox 1594 1894 1642 1924; x_wconf 90' lang='lat' dir='ltr'><strong>se</strong></span> <span class='ocrx_word' id='word_1_177' title='bbox 1665 1879 1714 1923; x_wconf 89' lang='lat' dir='ltr'><strong>in</strong></span> <span class='ocrx_word' id='word_1_178' title='bbox 1739 1893 1972 1924; x_wconf 86' lang='lat' dir='ltr'><strong>commen·</strong></span> <span class='ocrx_word' id='word_1_179' title='bbox 2032 1936 2034 1940; x_wconf 67' lang='lat'>,</span> 
     </span>
     <span class='ocr_line' id='line_1_21' title="bbox 267 1939 2034 1996; baseline -0.002 -12"><span class='ocrx_word' id='word_1_180' title='bbox 267 1940 388 1984; x_wconf 84' lang='lat' dir='ltr'><strong>tario</strong></span> <span class='ocrx_word' id='word_1_181' title='bbox 423 1939 653 1984; x_wconf 85' lang='lat' dir='ltr'><strong>Silvarum</strong></span> <span class='ocrx_word' id='word_1_182' title='bbox 693 1939 1014 1996; x_wconf 87' lang='lat' dir='ltr'><strong>expositurum</strong></span> <span class='ocrx_word' id='word_1_183' title='bbox 1050 1939 1287 1996; x_wconf 89' lang='lat' dir='ltr'><strong>promisit,</strong></span> <span class='ocrx_word' id='word_1_184' title='bbox 1326 1939 1517 1983; x_wconf 87' lang='lat' dir='ltr'><strong>interim</strong></span> <span class='ocrx_word' id='word_1_185' title='bbox 1549 1939 1606 1984; x_wconf 90' lang='lat' dir='ltr'><strong>cf.</strong></span> <span class='ocrx_word' id='word_1_186' title='bbox 1632 1939 1841 1983; x_wconf 89' lang='lat' dir='ltr'><strong>eiusdem</strong></span> <span class='ocrx_word' id='word_1_187' title='bbox 1873 1939 1972 1984; x_wconf 88' lang='lat' dir='ltr'><strong>edi-</strong></span> <span class='ocrx_word' id='word_1_188' title='bbox 2032 1979 2034 1981; x_wconf 84' lang='grc'><em>,</em></span> 
     </span>
     <span class='ocr_line' id='line_1_22' title="bbox 267 1998 1700 2057; baseline 0 -14"><span class='ocrx_word' id='word_1_189' title='bbox 267 1999 412 2044; x_wconf 90' lang='lat' dir='ltr'><strong>tionis</strong></span> <span class='ocrx_word' id='word_1_190' title='bbox 444 1998 790 2057; x_wconf 83' lang='lat' dir='ltr'><strong>praefationem</strong></span> <span class='ocrx_word' id='word_1_191' title='bbox 819 2014 864 2056; x_wconf 87' lang='lat' dir='ltr'><strong>p.</strong></span> <span class='ocrx_word' id='word_1_192' title='bbox 884 1999 969 2043; x_wconf 86' lang='lat' dir='ltr'><strong>VII</strong></span> <span class='ocrx_word' id='word_1_193' title='bbox 1001 2001 1048 2043; x_wconf 88' lang='lat' dir='ltr'><strong>et</strong></span> <span class='ocrx_word' id='word_1_194' title='bbox 1079 2002 1215 2044; x_wconf 89' lang='lat' dir='ltr'><strong>notas</strong></span> <span class='ocrx_word' id='word_1_195' title='bbox 1248 1999 1376 2043; x_wconf 89' lang='lat' dir='ltr'><strong>velut</strong></span> <span class='ocrx_word' id='word_1_196' title='bbox 1408 1999 1469 2043; x_wconf 91' lang='lat' dir='ltr'><strong>ad</strong></span> <span class='ocrx_word' id='word_1_197' title='bbox 1499 1999 1521 2043; x_wconf 95' lang='lat' dir='ltr'>I</span> <span class='ocrx_word' id='word_1_198' title='bbox 1543 2004 1585 2054; x_wconf 81' lang='lat'><strong>4,</strong></span> <span class='ocrx_word' id='word_1_199' title='bbox 1611 2003 1700 2043; x_wconf 81' lang='lat'><strong>86⁸.</strong></span> 
     </span>
    </p>

    <p class='ocr_par' dir='ltr' id='par_1_6' title="bbox 265 2057 2034 2594">
     <span class='ocr_line' id='line_1_23' title="bbox 342 2057 2034 2116; baseline 0.001 -14"><span class='ocrx_word' id='word_1_200' title='bbox 342 2062 387 2115; x_wconf 90' lang='lat'><strong>3)</strong></span> <span class='ocrx_word' id='word_1_201' title='bbox 419 2072 572 2116; x_wconf 89' lang='lat' dir='ltr'><strong>neque</strong></span> <span class='ocrx_word' id='word_1_202' title='bbox 604 2058 729 2103; x_wconf 91' lang='lat' dir='ltr'><strong>enim</strong></span> <span class='ocrx_word' id='word_1_203' title='bbox 761 2059 818 2102; x_wconf 90' lang='lat' dir='ltr'><strong>de</strong></span> <span class='ocrx_word' id='word_1_204' title='bbox 848 2058 1009 2103; x_wconf 88' lang='lat' dir='ltr'><strong>codice</strong></span> <span class='ocrx_word' id='word_1_205' title='bbox 1034 2058 1328 2103; x_wconf 84' lang='lat' dir='ltr'><strong>Barlowiano</strong></span> <span class='ocrx_word' id='word_1_206' title='bbox 1353 2063 1408 2102; x_wconf 83' lang='lat'><strong>23</strong></span> <span class='ocrx_word' id='word_1_207' title='bbox 1435 2059 1470 2102; x_wconf 87' lang='lat' dir='ltr'><strong>F</strong></span> <span class='ocrx_word' id='word_1_208' title='bbox 1497 2058 1760 2103; x_wconf 79' lang='lat' dir='ltr'><strong>dubitasset</strong></span> <span class='ocrx_word' id='word_1_209' title='bbox 1782 2058 1835 2104; x_wconf 81' lang='lat' dir='ltr'><strong>R.</strong></span> <span class='ocrx_word' id='word_1_210' title='bbox 1854 2057 1972 2103; x_wconf 86' lang='lat' dir='ltr'><strong>Ellis</strong></span> <span class='ocrx_word' id='word_1_211' title='bbox 2031 2068 2034 2086; x_wconf 67' lang='lat'>³</span> 
     </span>
     <span class='ocr_line' id='line_1_24' title="bbox 267 2118 2034 2177; baseline 0.001 -15"><span class='ocrx_word' id='word_1_212' title='bbox 267 2118 444 2176; x_wconf 89' lang='lat' dir='ltr'><strong>(Journ.</strong></span> <span class='ocrx_word' id='word_1_213' title='bbox 479 2119 533 2163; x_wconf 85' lang='lat' dir='ltr'><strong>of</strong></span> <span class='ocrx_word' id='word_1_214' title='bbox 566 2118 817 2177; x_wconf 80' lang='lat' dir='ltr'><strong>Philology</strong></span> <span class='ocrx_word' id='word_1_215' title='bbox 864 2123 918 2162; x_wconf 86' lang='lat'><strong>31</strong></span> <span class='ocrx_word' id='word_1_216' title='bbox 968 2121 1118 2176; x_wconf 86' lang='lat'>(1910)</span> <span class='ocrx_word' id='word_1_217' title='bbox 1159 2134 1204 2175; x_wconf 92' lang='lat' dir='ltr'><strong>p.</strong></span> <span class='ocrx_word' id='word_1_218' title='bbox 1240 2122 1363 2176; x_wconf 85' lang='lat'>156),</span> <span class='ocrx_word' id='word_1_219' title='bbox 1412 2118 1451 2162; x_wconf 90' lang='lat' dir='ltr'><strong>si</strong></span> <span class='ocrx_word' id='word_1_220' title='bbox 1490 2118 1682 2176; x_wconf 85' lang='lat' dir='ltr'><strong>legisset</strong></span> <span class='ocrx_word' id='word_1_221' title='bbox 1721 2131 1841 2174; x_wconf 84' lang='lat' dir='ltr'><strong>quae</strong></span> <span class='ocrx_word' id='word_1_222' title='bbox 1884 2131 1972 2175; x_wconf 87' lang='lat' dir='ltr'><strong>ego</strong></span> <span class='ocrx_word' id='word_1_223' title='bbox 2031 2141 2034 2146; x_wconf 93' lang='lat'>·</span> 
     </span>
     <span class='ocr_line' id='line_1_25' title="bbox 268 2177 1973 2236; baseline -0.001 -13"><span class='ocrx_word' id='word_1_224' title='bbox 268 2192 410 2235; x_wconf 84' lang='lat' dir='ltr'><strong>supra</strong></span> <span class='ocrx_word' id='word_1_225' title='bbox 448 2194 493 2235; x_wconf 91' lang='lat' dir='ltr'><strong>p.</strong></span> <span class='ocrx_word' id='word_1_226' title='bbox 519 2177 667 2222; x_wconf 90' lang='lat' dir='ltr'><strong>XXVI</strong></span> <span class='ocrx_word' id='word_1_227' title='bbox 685 2193 751 2235; x_wconf 89' lang='lat' dir='ltr'><strong>sq.</strong></span> <span class='ocrx_word' id='word_1_228' title='bbox 794 2178 851 2222; x_wconf 89' lang='lat' dir='ltr'><strong>de</strong></span> <span class='ocrx_word' id='word_1_229' title='bbox 891 2179 1054 2223; x_wconf 89' lang='lat' dir='ltr'><strong>eodem</strong></span> <span class='ocrx_word' id='word_1_230' title='bbox 1096 2179 1303 2236; x_wconf 83' lang='lat' dir='ltr'><strong>exposui.</strong></span> <span class='ocrx_word' id='word_1_231' title='bbox 1365 2193 1453 2223; x_wconf 90' lang='lat' dir='ltr'><strong>nec</strong></span> <span class='ocrx_word' id='word_1_232' title='bbox 1483 2181 1638 2222; x_wconf 88' lang='lat' dir='ltr'><strong>minus</strong></span> <span class='ocrx_word' id='word_1_233' title='bbox 1668 2177 1973 2235; x_wconf 88' lang='lat' dir='ltr'><strong>neglegenter</strong></span> 
     </span>
     <span class='ocr_line' id='line_1_26' title="bbox 268 2237 1969 2295; baseline -0.001 -13"><span class='ocrx_word' id='word_1_234' title='bbox 268 2240 503 2295; x_wconf 85' lang='lat' dir='ltr'><strong>apparatu</strong></span> <span class='ocrx_word' id='word_1_235' title='bbox 536 2237 698 2282; x_wconf 88' lang='lat' dir='ltr'><strong>critico</strong></span> <span class='ocrx_word' id='word_1_236' title='bbox 732 2237 955 2282; x_wconf 88' lang='lat' dir='ltr'><strong>editionis</strong></span> <span class='ocrx_word' id='word_1_237' title='bbox 985 2252 1116 2282; x_wconf 86' lang='lat' dir='ltr'><strong>meae</strong></span> <span class='ocrx_word' id='word_1_238' title='bbox 1147 2238 1274 2282; x_wconf 89' lang='lat' dir='ltr'><strong>idem</strong></span> <span class='ocrx_word' id='word_1_239' title='bbox 1304 2238 1374 2282; x_wconf 84' lang='lat' dir='ltr'><strong>vir</strong></span> <span class='ocrx_word' id='word_1_240' title='bbox 1406 2239 1570 2282; x_wconf 90' lang='lat' dir='ltr'><strong>doctus</strong></span> <span class='ocrx_word' id='word_1_241' title='bbox 1602 2252 1713 2282; x_wconf 89' lang='lat' dir='ltr'><strong>usus</strong></span> <span class='ocrx_word' id='word_1_242' title='bbox 1746 2243 1831 2292; x_wconf 80' lang='lat' dir='ltr'><strong>est,</strong></span> <span class='ocrx_word' id='word_1_243' title='bbox 1864 2252 1969 2281; x_wconf 91' lang='lat' dir='ltr'><strong>cum</strong></span> 
     </span>
     <span class='ocr_line' id='line_1_27' title="bbox 268 2297 1968 2354; baseline 0 -13"><span class='ocrx_word' id='word_1_244' title='bbox 268 2298 386 2342; x_wconf 89' lang='lat' dir='ltr'><strong>dicit</strong></span> <span class='ocrx_word' id='word_1_245' title='bbox 423 2297 445 2341; x_wconf 97' lang='lat' dir='ltr'>I</span> <span class='ocrx_word' id='word_1_246' title='bbox 470 2302 511 2352; x_wconf 84' lang='lat'><strong>6,</strong></span> <span class='ocrx_word' id='word_1_247' title='bbox 539 2302 592 2342; x_wconf 92' lang='grc'><strong>10</strong></span> <span class='ocrx_word' id='word_1_248' title='bbox 635 2297 686 2341; x_wconf 91' lang='lat' dir='ltr'><strong>in</strong></span> <span class='ocrx_word' id='word_1_249' title='bbox 724 2302 769 2340; x_wconf 72' lang='grc' dir='ltr'><strong>Μ</strong></span> <span class='ocrx_word' id='word_1_250' title='bbox 807 2299 931 2343; x_wconf 72' lang='lat' dir='ltr'><strong>linea</strong></span> <span class='ocrx_word' id='word_1_251' title='bbox 970 2311 1026 2342; x_wconf 87' lang='lat' dir='ltr'><strong>ex</strong></span> <span class='ocrx_word' id='word_1_252' title='bbox 1065 2298 1199 2343; x_wconf 80' lang='lat' dir='ltr'><strong>borea</strong></span> <span class='ocrx_word' id='word_1_253' title='bbox 1238 2300 1497 2343; x_wconf 85' lang='lat' dir='ltr'><strong>correctum</strong></span> <span class='ocrx_word' id='word_1_254' title='bbox 1537 2311 1649 2341; x_wconf 87' lang='lat' dir='ltr'><strong>esse.</strong></span> <span class='ocrx_word' id='word_1_255' title='bbox 1719 2311 1806 2354; x_wconf 89' lang='lat' dir='ltr'><strong>ego</strong></span> <span class='ocrx_word' id='word_1_256' title='bbox 1847 2297 1968 2341; x_wconf 75' lang='lat' dir='ltr'><strong>linea</strong></span> 
     </span>
     <span class='ocr_line' id='line_1_28' title="bbox 265 2356 1971 2414; baseline -0.001 -12"><span class='ocrx_word' id='word_1_257' title='bbox 265 2358 336 2402; x_wconf 88' lang='lat' dir='ltr'><strong>ita</strong></span> <span class='ocrx_word' id='word_1_258' title='bbox 368 2357 594 2413; x_wconf 88' lang='lat' dir='ltr'><strong>scriptum</strong></span> <span class='ocrx_word' id='word_1_259' title='bbox 626 2371 728 2402; x_wconf 88' lang='lat' dir='ltr'><strong>esse</strong></span> <span class='ocrx_word' id='word_1_260' title='bbox 761 2358 1004 2414; x_wconf 87' lang='lat' dir='ltr'><strong>perspicue</strong></span> <span class='ocrx_word' id='word_1_261' title='bbox 1033 2357 1254 2413; x_wconf 84' lang='lat' dir='ltr'><strong>indicavi,</strong></span> <span class='ocrx_word' id='word_1_262' title='bbox 1286 2360 1341 2401; x_wconf 92' lang='lat' dir='ltr'><strong>ut</strong></span> <span class='ocrx_word' id='word_1_263' title='bbox 1364 2357 1504 2403; x_wconf 87' lang='lat' dir='ltr'><strong>facile</strong></span> <span class='ocrx_word' id='word_1_264' title='bbox 1529 2359 1662 2402; x_wconf 84' lang='lat' dir='ltr'><strong>borea</strong></span> <span class='ocrx_word' id='word_1_265' title='bbox 1685 2356 1790 2412; x_wconf 90' lang='lat' dir='ltr'><strong>quis</strong></span> <span class='ocrx_word' id='word_1_266' title='bbox 1814 2356 1971 2414; x_wconf 88' lang='lat' dir='ltr'><strong>legere</strong></span> 
     </span>
     <span class='ocr_line' id='line_1_29' title="bbox 266 2416 1969 2474; baseline 0 -14"><span class='ocrx_word' id='word_1_267' title='bbox 266 2416 488 2474; x_wconf 88' lang='lat' dir='ltr'><strong>potuerit.</strong></span> <span class='ocrx_word' id='word_1_268' title='bbox 552 2417 633 2460; x_wconf 91' lang='lat' dir='ltr'><strong>sed</strong></span> <span class='ocrx_word' id='word_1_269' title='bbox 671 2416 790 2460; x_wconf 89' lang='lat' dir='ltr'><strong>mihi</strong></span> <span class='ocrx_word' id='word_1_270' title='bbox 829 2419 936 2460; x_wconf 88' lang='lat' dir='ltr'><strong>acta</strong></span> <span class='ocrx_word' id='word_1_271' title='bbox 977 2430 1114 2474; x_wconf 86' lang='lat' dir='ltr'><strong>agere</strong></span> <span class='ocrx_word' id='word_1_272' title='bbox 1153 2431 1246 2461; x_wconf 92' lang='lat' dir='ltr'><strong>non</strong></span> <span class='ocrx_word' id='word_1_273' title='bbox 1284 2419 1435 2462; x_wconf 86' lang='lat' dir='ltr'><strong>vacat.</strong></span> <span class='ocrx_word' id='word_1_274' title='bbox 1498 2417 1546 2460; x_wconf 90' lang='lat' dir='ltr'><strong>id</strong></span> <span class='ocrx_word' id='word_1_275' title='bbox 1583 2418 1770 2460; x_wconf 87' lang='lat' dir='ltr'><strong>tantum</strong></span> <span class='ocrx_word' id='word_1_276' title='bbox 1801 2429 1969 2460; x_wconf 88' lang='lat' dir='ltr'><strong>moneo</strong></span> 
     </span>
     <span class='ocr_line' id='line_1_30' title="bbox 267 2475 1970 2534; baseline -0.001 -14"><span class='ocrx_word' id='word_1_277' title='bbox 267 2476 386 2521; x_wconf 91' lang='lat' dir='ltr'><strong>mihi</strong></span> <span class='ocrx_word' id='word_1_278' title='bbox 417 2476 564 2520; x_wconf 89' lang='lat' dir='ltr'><strong>totius</strong></span> <span class='ocrx_word' id='word_1_279' title='bbox 597 2476 769 2520; x_wconf 81' lang='lat' dir='ltr'><strong>codicis</strong></span> <span class='ocrx_word' id='word_1_280' title='bbox 800 2477 836 2520; x_wconf 87' lang='lat' dir='ltr'><strong>F</strong></span> <span class='ocrx_word' id='word_1_281' title='bbox 869 2476 1170 2521; x_wconf 87' lang='lat' dir='ltr'><strong>collationem</strong></span> <span class='ocrx_word' id='word_1_282' title='bbox 1199 2478 1387 2534; x_wconf 85' lang='lat' dir='ltr'><strong>praesto</strong></span> <span class='ocrx_word' id='word_1_283' title='bbox 1418 2476 1579 2532; x_wconf 89' lang='lat' dir='ltr'><strong>fuisse,</strong></span> <span class='ocrx_word' id='word_1_284' title='bbox 1610 2475 1680 2520; x_wconf 88' lang='lat' dir='ltr'><strong>ita</strong></span> <span class='ocrx_word' id='word_1_285' title='bbox 1709 2478 1764 2520; x_wconf 91' lang='lat' dir='ltr'><strong>ut</strong></span> <span class='ocrx_word' id='word_1_286' title='bbox 1796 2477 1853 2519; x_wconf 90' lang='lat' dir='ltr'><strong>de</strong></span> <span class='ocrx_word' id='word_1_287' title='bbox 1879 2475 1970 2519; x_wconf 90' lang='lat' dir='ltr'><strong>ori-</strong></span> 
     </span>
     <span class='ocr_line' id='line_1_31' title="bbox 267 2535 2034 2594; baseline 0.001 -14"><span class='ocrx_word' id='word_1_288' title='bbox 267 2537 377 2594; x_wconf 86' lang='lat' dir='ltr'><strong>gine</strong></span> <span class='ocrx_word' id='word_1_289' title='bbox 410 2536 509 2580; x_wconf 89' lang='lat' dir='ltr'><strong>eius</strong></span> <span class='ocrx_word' id='word_1_290' title='bbox 541 2535 653 2580; x_wconf 89' lang='lat' dir='ltr'><strong>libri</strong></span> <span class='ocrx_word' id='word_1_291' title='bbox 686 2538 811 2580; x_wconf 89' lang='lat' dir='ltr'><strong>certo</strong></span> <span class='ocrx_word' id='word_1_292' title='bbox 842 2536 1053 2580; x_wconf 89' lang='lat' dir='ltr'><strong>iudicare</strong></span> <span class='ocrx_word' id='word_1_293' title='bbox 1084 2536 1262 2581; x_wconf 88' lang='lat' dir='ltr'><strong>liceret.</strong></span> <span class='ocrx_word' id='word_1_294' title='bbox 2032 2591 2034 2593; x_wconf 21' lang='grc' dir='ltr'>Ι</span> 
     </span>
    </p>

    <p class='ocr_par' dir='ltr' id='par_1_7' title="bbox 267 2593 2034 2956">
     <span class='ocr_line' id='line_1_32' title="bbox 343 2593 2034 2652; baseline -0.001 -13"><span class='ocrx_word' id='word_1_295' title='bbox 343 2595 578 2640; x_wconf 86' lang='lat' dir='ltr'><strong>dubitatio</strong></span> <span class='ocrx_word' id='word_1_296' title='bbox 618 2597 775 2640; x_wconf 90' lang='lat' dir='ltr'><strong>autem</strong></span> <span class='ocrx_word' id='word_1_297' title='bbox 814 2595 932 2640; x_wconf 92' lang='lat' dir='ltr'><strong>mihi</strong></span> <span class='ocrx_word' id='word_1_298' title='bbox 972 2595 1199 2652; x_wconf 83' lang='lat' dir='ltr'><strong>exoritur,</strong></span> <span class='ocrx_word' id='word_1_299' title='bbox 1236 2597 1422 2641; x_wconf 84' lang='lat' dir='ltr'><strong>rectene</strong></span> <span class='ocrx_word' id='word_1_300' title='bbox 1462 2595 1670 2640; x_wconf 90' lang='lat' dir='ltr'><strong>codicem</strong></span> <span class='ocrx_word' id='word_1_301' title='bbox 1702 2599 1737 2637; x_wconf 76' lang='lat' dir='ltr'>G</span> <span class='ocrx_word' id='word_1_302' title='bbox 1776 2607 1832 2638; x_wconf 86' lang='lat' dir='ltr'><strong>ex</strong></span> <span class='ocrx_word' id='word_1_303' title='bbox 1863 2593 1967 2651; x_wconf 88' lang='lat' dir='ltr'><strong>ipso</strong></span> <span class='ocrx_word' id='word_1_304' title='bbox 2031 2607 2034 2614; x_wconf 88' lang='lat'>·</span> 
     </span>
     <span class='ocr_line' id='line_1_33' title="bbox 268 2653 2034 2714; baseline -0.001 -16"><span class='ocrx_word' id='word_1_305' title='bbox 268 2655 539 2699; x_wconf 87' lang='lat' dir='ltr'><strong>Matritensi</strong></span> <span class='ocrx_word' id='word_1_306' title='bbox 570 2655 905 2712; x_wconf 86' lang='lat' dir='ltr'><strong>transcriptum</strong></span> <span class='ocrx_word' id='word_1_307' title='bbox 938 2669 1037 2700; x_wconf 87' lang='lat' dir='ltr'><strong>esse</strong></span> <span class='ocrx_word' id='word_1_308' title='bbox 1070 2670 1212 2713; x_wconf 86' lang='lat' dir='ltr'><strong>supra</strong></span> <span class='ocrx_word' id='word_1_309' title='bbox 1241 2672 1285 2714; x_wconf 93' lang='lat' dir='ltr'><strong>p.</strong></span> <span class='ocrx_word' id='word_1_310' title='bbox 1311 2655 1462 2699; x_wconf 87' lang='lat' dir='ltr'>XXIII</span> <span class='ocrx_word' id='word_1_311' title='bbox 1493 2653 1824 2700; x_wconf 89' lang='lat' dir='ltr'><strong>contenderim.</strong></span> <span class='ocrx_word' id='word_1_312' title='bbox 1858 2667 1968 2697; x_wconf 85' lang='lat' dir='ltr'><strong>nam</strong></span> <span class='ocrx_word' id='word_1_313' title='bbox 2032 2667 2034 2669; x_wconf 77' lang='grc'><strong>’</strong></span> 
     </span>
     <span class='ocr_line' id='line_1_34' title="bbox 268 2713 1970 2773; baseline -0.002 -14"><span class='ocrx_word' id='word_1_314' title='bbox 268 2714 561 2772; x_wconf 87' lang='lat' dir='ltr'><strong>singularum</strong></span> <span class='ocrx_word' id='word_1_315' title='bbox 579 2714 848 2772; x_wconf 85' lang='lat' dir='ltr'><strong>eclogarum</strong></span> <span class='ocrx_word' id='word_1_316' title='bbox 864 2716 914 2759; x_wconf 91' lang='lat' dir='ltr'><strong>in</strong></span> <span class='ocrx_word' id='word_1_317' title='bbox 930 2715 1142 2760; x_wconf 87' lang='lat' dir='ltr'><strong>familiae</strong></span> <span class='ocrx_word' id='word_1_318' title='bbox 1152 2730 1184 2773; x_wconf 82' lang='grc' dir='ltr'>γ</span> <span class='ocrx_word' id='word_1_319' title='bbox 1200 2715 1440 2760; x_wconf 90' lang='lat' dir='ltr'><strong>codicibus</strong></span> <span class='ocrx_word' id='word_1_320' title='bbox 1457 2714 1586 2759; x_wconf 90' lang='lat' dir='ltr'><strong>tituli</strong></span> <span class='ocrx_word' id='word_1_321' title='bbox 1602 2714 1679 2758; x_wconf 93' lang='lat' dir='ltr'><strong>hic</strong></span> <span class='ocrx_word' id='word_1_322' title='bbox 1692 2713 1791 2757; x_wconf 92' lang='lat' dir='ltr'><strong>illic</strong></span> <span class='ocrx_word' id='word_1_323' title='bbox 1806 2714 1970 2757; x_wconf 84' lang='lat' dir='ltr'><strong>contra</strong></span> 
     </span>
     <span class='ocr_line' id='line_1_35' title="bbox 269 2772 2034 2835; baseline -0.001 -17"><span class='ocrx_word' id='word_1_324' title='bbox 269 2779 301 2817; x_wconf 84' lang='lat' dir='ltr'>G</span> <span class='ocrx_word' id='word_1_325' title='bbox 344 2789 450 2818; x_wconf 91' lang='lat' dir='ltr'><strong>cum</strong></span> <span class='ocrx_word' id='word_1_326' title='bbox 480 2778 525 2817; x_wconf 76' lang='grc' dir='ltr'>Μ</span> <span class='ocrx_word' id='word_1_327' title='bbox 567 2775 836 2831; x_wconf 88' lang='lat' dir='ltr'><strong>conspirant</strong></span> <span class='ocrx_word' id='word_1_328' title='bbox 869 2801 924 2807; x_wconf 93' lang='lat'>—</span> <span class='ocrx_word' id='word_1_329' title='bbox 956 2774 1086 2820; x_wconf 88' lang='lat' dir='ltr'><strong>velut</strong></span> <span class='ocrx_word' id='word_1_330' title='bbox 1123 2775 1301 2832; x_wconf 89' lang='lat' dir='ltr'><strong>primae</strong></span> <span class='ocrx_word' id='word_1_331' title='bbox 1341 2775 1482 2832; x_wconf 84' lang='lat' dir='ltr'><strong>primi</strong></span> <span class='ocrx_word' id='word_1_332' title='bbox 1519 2773 1630 2818; x_wconf 87' lang='lat' dir='ltr'><strong>libri</strong></span> <span class='ocrx_word' id='word_1_333' title='bbox 1671 2773 1861 2830; x_wconf 87' lang='lat' dir='ltr'><strong>eclogae</strong></span> <span class='ocrx_word' id='word_1_334' title='bbox 1896 2772 1967 2816; x_wconf 92' lang='lat' dir='ltr'><strong>in-</strong></span> <span class='ocrx_word' id='word_1_335' title='bbox 2028 2783 2034 2835; x_wconf 50' lang='lat'><strong>,⁴</strong></span> 
     </span>
     <span class='ocr_line' id='line_1_36' title="bbox 268 2833 2034 2894; baseline -0.001 -17"><span class='ocrx_word' id='word_1_336' title='bbox 268 2834 490 2878; x_wconf 88' lang='lat' dir='ltr'><strong>scribitur</strong></span> <span class='ocrx_word' id='word_1_337' title='bbox 520 2834 569 2877; x_wconf 90' lang='lat' dir='ltr'><strong>in</strong></span> <span class='ocrx_word' id='word_1_338' title='bbox 595 2839 649 2878; x_wconf 82' lang='lat' dir='ltr'><strong>G:</strong></span> <span class='ocrx_word' id='word_1_339' title='bbox 689 2836 964 2879; x_wconf 76' lang='lat' dir='ltr'><strong>Domitiano</strong></span> <span class='ocrx_word' id='word_1_340' title='bbox 996 2837 1117 2894; x_wconf 73' lang='lat' dir='ltr'><strong>Auy.</strong></span> <span class='ocrx_word' id='word_1_341' title='bbox 1155 2836 1338 2880; x_wconf 67' lang='lat' dir='ltr'><strong>Aeaeus</strong></span> <span class='ocrx_word' id='word_1_342' title='bbox 1369 2836 1525 2891; x_wconf 78' lang='lat' dir='ltr'><strong>Eques</strong></span> <span class='ocrx_word' id='word_1_343' title='bbox 1555 2835 1607 2878; x_wconf 78' lang='lat' dir='ltr'><strong>in</strong></span> <span class='ocrx_word' id='word_1_344' title='bbox 1637 2833 1738 2887; x_wconf 80' lang='lat' dir='ltr'><strong>foro</strong></span> <span class='ocrx_word' id='word_1_345' title='bbox 1769 2834 1965 2876; x_wconf 82' lang='lat' dir='ltr'><strong>dicatus.</strong></span> <span class='ocrx_word' id='word_1_346' title='bbox 2025 2870 2034 2894; x_wconf 46' lang='lat'><strong>,2</strong></span> 
     </span>
     <span class='ocr_line' id='line_1_37' title="bbox 267 2892 2034 2956; baseline -0.002 -19"><span class='ocrx_word' id='word_1_347' title='bbox 267 2893 350 2937; x_wconf 88' lang='lat' dir='ltr'><strong>sed</strong></span> <span class='ocrx_word' id='word_1_348' title='bbox 381 2892 565 2938; x_wconf 90' lang='lat' dir='ltr'><strong>codices</strong></span> <span class='ocrx_word' id='word_1_349' title='bbox 596 2898 714 2942; x_wconf 81' lang='lat' dir='ltr'><strong>HIQ.</strong></span> <span class='ocrx_word' id='word_1_350' title='bbox 744 2894 936 2951; x_wconf 89' lang='lat' dir='ltr'><strong>propius</strong></span> <span class='ocrx_word' id='word_1_351' title='bbox 969 2894 1140 2938; x_wconf 88' lang='lat' dir='ltr'><strong>absunt</strong></span> <span class='ocrx_word' id='word_1_352' title='bbox 1172 2894 1231 2938; x_wconf 89' lang='lat' dir='ltr'><strong>ab</strong></span> <span class='ocrx_word' id='word_1_353' title='bbox 1264 2908 1320 2939; x_wconf 92' lang='lat' dir='ltr'><strong>ea</strong></span> <span class='ocrx_word' id='word_1_354' title='bbox 1351 2894 1502 2938; x_wconf 86' lang='lat' dir='ltr'><strong>forma</strong></span> <span class='ocrx_word' id='word_1_355' title='bbox 1532 2892 1664 2937; x_wconf 89' lang='lat' dir='ltr'><strong>tituli</strong></span> <span class='ocrx_word' id='word_1_356' title='bbox 1695 2905 1817 2949; x_wconf 88' lang='lat' dir='ltr'><strong>quae</strong></span> <span class='ocrx_word' id='word_1_357' title='bbox 1849 2892 1897 2935; x_wconf 93' lang='lat' dir='ltr'><strong>in</strong></span> <span class='ocrx_word' id='word_1_358' title='bbox 1922 2896 1968 2933; x_wconf 75' lang='lat' dir='ltr'>M</span> <span class='ocrx_word' id='word_1_359' title='bbox 2019 2898 2034 2956; x_wconf 56' lang='lat'><strong>3·-</strong></span> 
     </span>
    </p>
   </div>
   <div class='ocr_carea' id='block_1_5' title="bbox 183 2952 854 3007">
    <p class='ocr_par' dir='ltr' id='par_1_8' title="bbox 183 2952 854 3007">
     <span class='ocr_line' id='line_1_38' title="bbox 183 2952 854 3007; baseline 0 -10"><span class='ocrx_word' id='word_1_360' title='bbox 183 2953 186 2957; x_wconf 83' lang='grc'>’</span> <span class='ocrx_word' id='word_1_361' title='bbox 267 2955 445 3007; x_wconf 80' lang='lat' dir='ltr'><strong>exstat3</strong></span> <span class='ocrx_word' id='word_1_362' title='bbox 478 2952 700 2997; x_wconf 85' lang='lat' dir='ltr'><strong>exhibent</strong></span> <span class='ocrx_word' id='word_1_363' title='bbox 731 2954 854 2998; x_wconf 88' lang='lat' dir='ltr'><strong>enim</strong></span> 
     </span>
    </p>
   </div>
  </div>
 </body>
</html>
