2034 3126
699 146 1014 193 SILVARUM
1044 147 1092 190 L.
1118 147 1153 201 Ι,
1182 152 1220 191 1.
1777 146 1811 198 3

112 290 253 340 ultro
302 305 512 356 quoque
554 289 768 338 nomine
808 303 924 337 meo
964 286 1208 354 gloriari,
1255 285 1438 335 villam
1476 283 1814 336 Tiburtinam

113 381 263 414 suam
317 362 634 430 descriptam
688 378 719 411 a
770 359 926 412 nobis
981 377 1090 411 uno
1145 358 1243 411 die.
1314 360 1554 427 sequitur
1598 357 1812 410 libellus

112 436 317 489 Rutilio
365 435 569 488 Gallico
626 435 1014 487 convalescenti
1064 432 1356 500 dedicatuS,
1411 431 1473 484 de
1522 450 1628 502 quo
1674 432 1813 484 nihil
1846 447 1901 486 35

112 511 250 579 dico,
294 528 363 564 ne
407 509 588 562 videar
626 508 861 561 defuncti
900 511 1051 560 testis
1091 510 1366 561 occasione
1397 509 1626 559 mentiri.
1688 524 1814 559 nam

111 584 300 638 Claudi
342 583 555 638 Etrusci
601 586 968 636 testimonium
1014 582 1370 650 †domomum
1416 583 1516 649 est,
1565 584 1659 651 qui
1703 581 1814 634 bal-

111 661 328 713 neolum
365 677 397 711 a
433 677 518 711 me
557 676 714 710 suum
750 660 894 710 intra
923 675 1128 709 moram
1159 674 1316 710 cenae
1346 658 1558 725 recepit.
1619 659 1678 708 in
1708 655 1813 708 fine

113 738 239 787 sunt
255 733 523 786 Kalendae
537 731 868 800 DecembreS,
893 732 1086 801 quibus
1110 734 1296 801 utique
1321 731 1581 784 credetur:
1603 733 1815 783 noctem

112 813 254 862 enim
306 810 456 861 illam
509 808 870 860 felicissimam
925 809 977 858 et
1030 806 1397 875 voluptatibus
1453 804 1681 875 publicis
1736 809 1816 858 in·
1847 820 1904 859 40

113 886 383 952 expertam
414 924 687 935 ........

947 1031 987 1084 Ι.

478 1131 628 1178 ECUS
660 1131 943 1176 MAXIMUS
977 1131 1304 1177 DOMITIANI
1334 1131 1456 1175 [MP.

227 1227 371 1288 Quae
412 1228 806 1296 superinposito
845 1227 1012 1278 moles
1052 1228 1322 1295 geminata
1361 1225 1568 1278 colosso

114 1305 222 1354 stat
260 1300 473 1354 Latium
511 1301 787 1370 complexa
824 1300 1037 1353 forum?
1077 1299 1290 1353 caelone
1328 1299 1672 1387 pera<ctum>

115 1375 271 1428 fluxit
309 1375 482 1445 opus?
542 1374 734 1428 Siculis
776 1394 844 1427 an
884 1375 1214 1428 conformata
1253 1377 1472 1428 caminis

115 1450 318 1520 effigies
359 1452 559 1503 lassum
599 1448 875 1519 Steropem
915 1449 1274 1519 Brontemque
1313 1450 1566 1519 reliquit?

235 1591 286 1625 8⁸
316 1582 630 1639 ultroquoque
662 1583 769 1639 (sep.
794 1579 879 1636 1¹)
1019 1595 1123 1626 meo
1155 1580 1349 1639 gloriari
1380 1579 1542 1624 villam
1571 1579 1660 1624 1⁸:
1694 1594 1818 1624 meo-

113 1641 291 1700 gloriar
322 1645 439 1699 (exp.
464 1641 547 1694 1¹,
578 1641 662 1687 del.
688 1643 825 1686 etiam
854 1641 1129 1693 rubricator)
1165 1643 1173 1699 Ι
1207 1653 1311 1685 meo
1342 1639 1520 1699 gloriar
1549 1639 1636 1684 ius.
1758 1640 1818 1684 ti-

114 1701 355 1747 burtinam
393 1700 480 1746 1²:
519 1700 803 1745 tibustinam
952 1709 1002 1744 84
1041 1700 1177 1745 nobis
1214 1699 1303 1745 1⁸:
1343 1699 1475 1745 vobis
1625 1708 1676 1744 85
1712 1713 1819 1744 con-

114 1790 370 1836 valescenti
397 1791 651 1837 Scriverius
681 1796 723 1836 et
745 1791 991 1836 Heinsius:
1026 1791 1099 1835 est
1128 1761 1310 1836 ualfffiti
1341 1790 1431 1848 (sce
1463 1791 1546 1835 del.
1572 1794 1614 1834 et
1643 1789 1820 1834 valenti

114 1853 167 1896 in
198 1866 285 1910 my.
312 1851 419 1896 add.
444 1849 529 1908 1²)
635 1858 686 1894 80
716 1850 907 1895 mentiri
939 1853 1178 1908 (-snpra
1209 1864 1235 1896 e
1266 1851 1374 1895 add.
1391 1849 1475 1908 11²)
1579 1858 1627 1893 87
1661 1849 1819 1894 claudi

115 1911 289 1956 etrusci
329 1912 428 1967 (hoc
457 1912 510 1955 in
538 1925 625 1969 my.
658 1916 883 1968 expuncto
916 1925 940 1954 c
969 1945 1096 1954 .....
1124 1909 1186 1969 ei)
1216 1910 1304 1956 Μ’·
1347 1909 1533 1954 claudie
1560 1943 1688 1955 .....
1716 1909 1760 1954 ei

116 1970 386 2015 domomum
418 1971 562 2027 (linea
591 1971 723 2026 infra
754 1970 893 2040 ducta
925 1971 1007 2016 del.
1033 1969 1137 2027 1²):
1175 1969 1498 2015 vadimonium
1530 1970 1645 2016 Leo.
1680 1969 1822 2014 docu-'

116 2034 324 2075 mentum
343 2031 396 2076 K
400 2032 584 2076 letatus
610 2030 669 2075 de
684 2043 760 2075 me
776 2029 868 2074 vivi
887 2030 1177 2076 Gartaultius
1194 2034 1311 2076 1901
1326 2044 1374 2087 p.
1391 2033 1508 2076 278:
1534 2030 1584 2074 in
1599 2031 1821 2088 promptu

114 2089 268 2136 Slater
298 2094 421 2135 1907
523 2093 631 2136 154:
665 2090 727 2135 ad
757 2103 950 2135 manum
975 2090 1175 2150 Saenyer
1204 2096 1246 2136 et
1269 2090 1419 2136 Slater
1451 2094 1570 2135 1909
1594 2105 1644 2148 p.
1672 2093 1761 2135 190

114 2158 180 2194 ετ.
211 2158 262 2194 ⁸8
301 2104 527 2207 quibasse
557 2149 832 2195 cluamesuu
868 2151 990 2208 (dist.
1015 2150 1099 2207 κ’)
1251 2158 1302 2194 88
1332 2150 1460 2195 intra
1490 2152 1620 2208 (corr.
1645 2149 1729 2207 1²)

114 2222 397 2267 cennerecep
399 2209 440 2254 it
483 2211 657 2266 (utrum
693 2225 718 2254 r
754 2223 819 2254 an
858 2224 880 2255 s
917 2211 1112 2255 voluerit
1150 2210 1393 2264 librarius,
1439 2224 1535 2256 non
1574 2211 1610 2256 1·
1590 2212 1730 2268 tquet)

114 2277 180 2314 ⁸8.
209 2278 261 2314 ιο
284 2269 336 2314 In
361 2271 453 2315 fine
476 2271 588 2315 sunt
609 2268 975 2329 k1.d0100mbres
997 2269 1067 2313 1¹
1090 2271 1142 2314 in
1157 2285 1265 2329 my:
1290 2269 1557 2315 Inflnestint
1572 2269 1641 2316 kt.
1659 2271 1759 2317 dec.

115 2337 166 2374 ⁸0
204 2329 422 2375 credetur
462 2329 798 2376 Marklandns:
841 2329 1047 2375 creditur
1085 2328 1173 2375 1¹:
1214 2330 1421 2375 escditur
1451 2332 1506 2387 (?)
1627 2339 1679 2375 40
1716 2330 1821 2376 feli-

116 2389 351 2435 eis-imam
371 2405 418 2440 ςε
435 2388 714 2434 felissimam
795 2397 861 2434 40.
877 2397 923 2433 41
941 2388 1118 2449 in&pta
1132 2388 1473 2448 (inexpertam
1487 2391 1619 2447 infra
1636 2391 1763 2449 aad.)

114 2458 161 2494 41
198 2455 364 2508 septem
402 2454 549 2496 octove
585 2450 725 2495 hnins
754 2451 962 2509 payinae
998 2463 1152 2496 versus
1174 2455 1361 2508 praeter
1390 2464 1477 2510 my.
1509 2452 1649 2497 vacui
1676 2452 1823 2497 relicti

113 2514 226 2555 emat
326 2511 551 2555 sententia
580 2509 691 2555 haec
718 2510 814 2565 fere
842 2509 1023 2555 videtur
1052 2511 1217 2565 fnisse.-
1247 2516 1420 2557 noctem
1451 2510 1581 2556 illam
1611 2512 1824 2557 omnibns

115 2570 167 2614 in
196 2571 415 2615 memoria
444 2570 626 2615 haerere
656 2569 857 2615 arbitror

234 2628 268 2675 1.
301 2644 437 2674 :cve-
456 2643 654 2673 nunna
681 2629 689 2690 Ι
717 2645 953 2674 nonarum
999 2645 1103 2673 ων·
1130 2630 1294 2677 litteris
1323 2632 1479 2677 owubvis
1509 2632 1671 2687 (mvs-
1691 2646 1819 2675 nuxi-

117 2693 671 2734 nvn-nomrnAm-1—n·
705 2703 749 2732 αι
788 2689 923 2735 iuxta
952 2691 1117 2747 posuit
1148 2693 1255 2748 atr.)
1407 2699 1427 2734 1
1461 2690 1820 2747 superimposito

118 2746 263 2794 moles
302 2749 455 2807 vnlyo:
498 2762 638 2806 super
676 2748 883 2806 inposito
923 2748 1056 2794 sedes
1095 2750 1231 2807 (hanc
1268 2764 1414 2796 vocem
1447 2750 1532 2794 del.
1557 2750 1625 2793 1¹
1656 2750 1724 2795 vel
1754 2751 1823 2794 1²

117 2813 159 2854 et
179 2812 240 2864 ι)
263 2808 410 2854 moles
501 2809 743 2866 geminata
764 2823 828 2853 n:
853 2811 1094 2867 gemmata
1184 2818 1208 2854 Β
1232 2809 1496 2868 complexa:
1523 2809 1821 2868 completque

120 2867 408 2914 Canoenltins
444 2872 556 2914 1904
585 2883 631 2926 p.
647 2872 740 2914 523
830 2873 1074 2926 peractum
1098 2869 1166 2913 1¹
1188 2875 1231 2916 et
1252 2885 1315 2915 m.
1349 2885 1430 2929 pa.-
1464 2883 1547 2927 per
1571 2882 1708 2915 auras
1734 2886 1760 2920 ς

117 2936 141 2971 4
173 2925 396 2985 Steropen
434 2927 734 2985 Brontenque
764 2927 964 2974 Statium
1002 2930 1236 2987 scripsisse
1274 2934 1488 3014 autumat
1521 2929 1823 2986 probabiliter

120 2986 422 3034 Hotomanus
452 2991 572 3034 1910
600 3003 645 3045 p.
669 2990 763 3033 236
794 2989 848 3044 cs.
879 2988 958 3032 IV
978 2991 1020 3037 7
1044 2991 1106 3033 46

1496 3066 1552 3108 l*
