2034 3126
0 1902 25 1952 ῖς
0 1829 22 1892 .2...2
0 1676 29 1820 ἡ...]
0 1700 1 1705 Α
0 1596 11 1614 ‘-

792 0 1136 35 rffllsn'nu
1670 0 1816 34 Aluus

108 129 371 203 constat.¹)
431 150 494 183 ne
532 148 651 182 vero
689 133 743 180 in
775 147 833 181 eo
863 132 1082 181 haeseris
1114 131 1247 194 quod
1279 131 1544 180 discrimen
1575 133 1650 179 est
1681 130 1814 180 inter

110 211 418 259 Matritensis
455 208 502 256 X
534 208 600 256 81
644 209 694 256 et
731 205 1125 255 Hamiltonensis
1170 206 1272 254 166
1315 207 1636 268 scripturam:
1682 205 1813 254 hunc

108 285 295 334 librum
331 283 604 332 bellissima
640 297 793 330 manu
832 283 1076 343 scriptum
1114 280 1243 329 sicut
1279 279 1427 328 Laur.
1452 280 1577 342 plut.
1606 281 1692 341 67,
1728 280 1810 328 15.

110 359 257 423 quasi
308 357 604 407 venditurus
659 355 906 404 exaravit:
960 355 1304 404 Matritensem
1350 354 1509 403 veloci
1555 370 1709 402 manu
1755 356 1814 403 ut

108 433 207 483 sibi
261 431 533 494 amicisque
579 432 800 479 servaret
844 430 1103 478 thesauros
1150 429 1297 478 modo
1343 431 1581 491 repertos.
1661 431 1813 492 atque

110 509 220 571 ipse
242 506 464 571 Poggius
496 521 549 555 se
579 520 680 553 non
709 519 812 553 uno
844 505 1130 553 charactere
1159 504 1214 551 in
1245 502 1502 552 scribendo
1533 519 1680 551 usum
1711 519 1814 552 esse

110 581 446 645 compluribus
476 579 599 629 locis
626 581 854 628 testatur.
903 578 1036 627 idem
1060 578 1274 641 epistola
1300 594 1429 626 anno
1458 578 1601 627 1430
1626 579 1814 641 scripta

111 650 213 723 (ep.
238 655 310 703 IV
335 649 392 722 4)
418 653 636 703 codicem
661 652 912 702 Silvarum
938 669 968 701 a
990 652 1200 701 Nicolao
1226 652 1420 701 Niccoli
1443 652 1640 716 repetit,
1669 668 1816 715 quem

108 731 189 779 illi
250 746 365 780 cum
411 729 525 778 aliis
570 727 714 776 libris
757 742 887 775 anno
930 728 1072 776 1418
1113 742 1164 776 se
1203 729 1431 775 mutuum
1472 727 1663 775 dedisse
1703 742 1816 776 con-

110 804 287 854 tendit
335 803 422 854 sed
452 804 637 852 fusiore
668 803 790 850 haec
822 804 970 867 egent
1001 802 1355 865 disputatione,
1387 817 1537 864 quam
1564 801 1815 851 Krohnius

109 878 214 927 alio
259 879 368 928 loco
413 878 699 942 prolaturus
747 878 835 926 est.
906 892 997 941 ego
1043 875 1215 940 paucis
1258 875 1423 924 verbis
1461 878 1624 924 totam
1665 893 1816 939 quae-

113 954 326 1003 stionem
372 951 714 1013 adumbrasse,
769 953 1013 1013 quantum
1058 965 1292 1013 praesens
1337 966 1456 1000 usus
1501 951 1685 1014 poscit,
1739 954 1819 1000 sat

30 1086 33 1089 ⁴
110 1027 285 1078 habeo.
347 1028 440 1076 hoc
477 1029 647 1076 tamen
686 1026 747 1074 ab
788 1025 923 1074 omni
958 1024 1271 1074 dubitatione
1301 1028 1549 1074 remotum
1578 1027 1681 1074 iam
1714 1041 1818 1075 esse

112 1102 275 1164 debet,
306 1103 428 1165 quin
455 1101 763 1150 Matlitensis
793 1099 924 1149 illud
955 1100 1208 1162 exemplar
1231 1100 1543 1165 Poggianum
1577 1102 1656 1150 sit.
1703 1100 1819 1150 hinc

112 1177 267 1226 etiam
298 1176 615 1241 cognoscitur
644 1191 815 1225 verum
849 1190 969 1237 esse,
1001 1174 1133 1238 quod
1165 1190 1255 1223 nos
1286 1190 1441 1237 supra
1468 1174 1818 1225 adnotationes

113 1245 188 1302 Μ’
218 1267 318 1300 non
349 1266 453 1300 esse
484 1252 671 1314 petitas
702 1267 761 1299 ex
793 1251 1002 1313 antiquo
1028 1249 1246 1312 quodam
1271 1249 1437 1299 codice
1461 1250 1818 1313 conclusimus3

111 1325 167 1375 id
206 1325 340 1389 quod
377 1342 436 1375 ex
474 1325 635 1390 Poggi
672 1325 910 1389 epistula,
956 1324 1086 1373 unde
1125 1324 1381 1373 exordium
1419 1324 1647 1383 fecimus,
1697 1326 1819 1375 satis

114 1399 332 1449 dilucide
364 1403 575 1463 apparet
605 1396 688 1463 (cf
714 1416 762 1462 p.
786 1392 872 1466 V).

191 1478 247 1524 at
283 1475 343 1524 de
381 1475 471 1524 illo
511 1474 639 1523 libro
670 1474 927 1539 Poggiano
963 1475 1118 1522 etiam
1148 1473 1351 1522 aliunde
1384 1475 1604 1535 constat,
1641 1490 1819 1538 nempe

115 1566 176 1598 ex
222 1551 356 1599 notis
404 1565 527 1612 quas
569 1548 851 1598 Politianus
898 1547 963 1596 ad
1002 1546 1349 1597 Corsinianum
1397 1548 1629 1597 editionis
1682 1550 1820 1612 prin·

115 1624 243 1688 cipis
282 1624 534 1688 exemplar
572 1623 839 1686 adscripsit
876 1622 1011 1671 inter
1049 1637 1204 1671 annos
1240 1623 1381 1672 1475
1417 1629 1465 1672 et
1500 1624 1658 1674 1494.
1720 1624 1823 1672 iam

115 1698 276 1764 igitur
328 1698 667 1762 quaerendum
721 1700 817 1761 est,
872 1697 1122 1761 quomodo
1176 1697 1294 1746 illae
1350 1699 1664 1748 consentiant
1710 1714 1824 1747 cum

117 1773 418 1823 Matritenai.

192 1847 602 1911 proficiscendum
641 1850 808 1896 autem
847 1849 924 1896 est
955 1862 986 1895 a
1015 1846 1259 1895 Politiani
1289 1847 1607 1897 testimoniis,
1671 1850 1823 1910 atque

116 1922 384 1973 adnotavit
413 1923 505 1973 sub
536 1922 685 1972 finem
717 1921 969 1972 Silvarum
999 1922 1143 1970 haee:

193 1998 360 2047 Incidi
381 1998 436 2046 in
460 1998 705 2060 exemplar
726 1996 872 2047 Statu
893 1997 1173 2059 sylvarum:
1195 1997 1324 2057 quod
1349 2012 1405 2045 ex
1424 1997 1596 2047 Gallia
1611 1997 1824 2060 Poyyius

120 2072 321 2124 Gallica
350 2074 588 2135 scriptum
616 2086 794 2121 mnu:
823 2074 880 2121 in
901 2072 1108 2120 Italiam
1132 2073 1374 2128 attulerat,
1406 2071 1457 2120 A
1489 2087 1581 2132 quo
1608 2072 1825 2122 videlicet

116 2140 262 2211 μηθ’)
292 2148 399 2197 licet
417 2147 647 2196 mendoso
670 2147 1052 2209 depravatoque.-
1085 2149 1127 2194 et
1150 2144 1228 2206 (ut
1250 2146 1487 2209 arbitror)
1513 2149 1659 2196 etiam
1682 2148 1825 2197 dimi-

118 2222 278 2272 diato:
308 2223 485 2283 reliqui
514 2235 679 2271 omnes
709 2220 893 2271 codices
919 2222 1004 2282 qui
1025 2223 1142 2269 sumt
1163 2223 1217 2269 in
1239 2222 1483 2278 manibus,
1517 2225 1823 2271 emanarunt.

24 2301 35 2316 ²
120 2296 287 2360 Quare
314 2299 475 2345 cautio
504 2297 624 2345 mihi
652 2297 774 2359 furit:
802 2311 864 2345 ne
894 2295 1014 2357 quid
1044 2297 1099 2343 in
1130 2297 1410 2357 corrigendo
1434 2298 1520 2346 hoc
1541 2300 1731 2345 nostro:
1762 2297 1824 2346 ab

118 2371 206 2421 6110
235 2374 489 2421 mutarem.
543 2370 621 2419 Ne
648 2372 808 2421 nimia
839 2369 918 2431 (ut
943 2369 1150 2431 adsolet)
1175 2371 1454 2432 diligentia.-
1485 2375 1574 2421 aut
1594 2372 1715 2421 mihi
1738 2375 1826 2420 aut

120 2448 287 2496 ceteris
332 2445 564 2495 studiosis
606 2449 807 2496 noceret.
886 2445 1037 2507 Quem
1082 2445 1127 2493 si
1171 2445 1369 2494 modwm
1415 2449 1639 2507 tenerent,
1686 2447 1827 2496 ceteri

200 2650 244 2705 1)
275 2647 333 2694 cf.
357 2647 510 2707 Poggi
541 2646 677 2705 epist.
703 2645 811 2692 VIII
835 2650 875 2692 9.
940 2645 1379 2705 Voigt-Lehnerdt,
1429 2647 1826 2707 Wiederbelebuny

118 2708 200 2755 des
228 2708 364 2755 klaoe.
390 2707 675 2754 Alterbumffi.
725 2710 855 2753 1898.
902 2705 923 2751 Ι
946 2722 991 2776 p.
1019 2710 1119 2775 5247.

122 2770 253 2873 mg}
275 2767 490 2813 additum
522 2780 665 2826 supra
694 2766 884 2822 lineam,
915 2781 1137 2811 nlmlrum
1168 2769 1222 2812 ut
1252 2767 1477 2812 molestus
1511 2781 1649 2812 sonus
1683 2767 1830 2812 evita-

215 2910 336 2944 Sun
362 2910 524 2945 saun,
566 2910 624 2944 Ed
652 2910 702 2943 IL
1529 2902 1556 2947 d
