2034 3126
713 94 1025 140 SILVARUM
1054 95 1106 140 L.
1129 94 1186 150 V,
1211 99 1238 139 3
1722 94 1823 147 151

125 234 285 302 atqu'e
322 236 529 285 utinam
566 233 784 285 fortuna
819 232 974 301 mihi,
1014 232 1137 285 dare
1173 232 1419 285 manibus
1460 250 1598 300 araS,

124 326 223 376 par
259 308 473 376 templis
513 325 671 376 opus,
711 310 1011 376 aeriamque
1049 307 1265 359 educere
1302 308 1520 374 molem,

126 380 421 451 Cyclopum
459 382 707 450 scopulos
746 382 890 433 ultra
927 384 1086 451 atque
1125 381 1342 433 audacia
1381 399 1508 433 saxa

124 455 490 525 Pyramidum,
530 458 584 508 et
619 473 816 525 magno
856 457 1126 508 tumulum
1162 458 1464 525 praetexere
1502 456 1646 508 luco!
1768 467 1826 508 50

122 531 238 582 illic
277 533 330 582 et
367 528 536 583 Siculi
576 547 907 599 superassem
946 530 1086 584 dona
1125 531 1353 599 sepulcri

124 608 177 656 et
214 603 438 657 Nemees
478 605 658 657 lucum
697 607 750 656 et
788 603 1002 673 Pelopis
1044 606 1322 657 sollemnia
1359 607 1550 657 trunci.

121 680 236 731 illic
275 677 496 731 Oebalio
533 697 646 732 non
682 678 906 731 finderet
945 697 1065 731 aera
1103 679 1247 732 disco

123 752 407 806 Graiorum
445 756 525 805 vis
564 753 709 805 nuda
745 756 941 820 virum,
979 771 1091 806 non
1128 771 1254 806 arva
1290 755 1490 822 rigaret

123 827 287 880 sudor
324 845 518 897 equum
558 830 651 879 aut
680 831 828 897 putri
860 831 1097 880 sonitum
1128 828 1275 880 daret
1305 829 1511 897 ungula
1541 827 1707 896 fossa3
1770 838 1827 880 55

121 902 214 955 sed
252 901 456 955 Phoebi
495 903 721 971 simplex
761 902 976 970 choruS,
1016 906 1068 954 et
1105 902 1409 955 frondentia
1446 905 1629 954 vatum

121 980 358 1046 praemia
393 976 632 1045 laudat0,
671 980 907 1046 genitor,
946 977 1047 1029 tibi
1086 980 1186 1029 rite
1225 978 1461 1046 ligarem.

120 1054 237 1120 ipse
275 1051 491 1104 madens
532 1053 724 1119 oculis,
763 1051 1073 1103 umbrarum
1111 1055 1422 1120 animaeque
1462 1050 1727 1119 sacerdos,

120 1129 478 1195 praecinerem
515 1129 798 1195 gemitum,
838 1129 924 1179 cui
962 1129 1015 1178 te
1052 1143 1149 1179 nec
1190 1123 1445 1179 Cerberus
1487 1129 1634 1178 omni

122 1218 213 1253 ore
250 1218 347 1253 nec
386 1199 627 1269 Orpheae
667 1203 880 1269 quirent
918 1203 1150 1253 avertere
1188 1202 1349 1270 leges.
1768 1212 1825 1252 60

121 1277 280 1344 atque
318 1275 421 1327 tibi
457 1293 735 1344 moresque
774 1279 896 1327 tuos
938 1278 990 1328 et
1026 1275 1167 1327 facta
1205 1277 1479 1327 canentem

120 1349 232 1402 fors
272 1352 326 1402 et
361 1351 709 1419 magniloquo
748 1367 859 1402 non
898 1350 1295 1418 posthabuisset
1332 1348 1588 1417 Homero,

120 1424 359 1477 tenderet
397 1427 450 1476 et
487 1427 640 1477 torvo
680 1427 849 1493 pietas
890 1442 1114 1494 aequare
1152 1423 1376 1476 Maroni.

121 1516 215 1551 cur
252 1502 424 1568 magis
463 1502 693 1552 incessat
733 1517 951 1568 superos
993 1502 1045 1551 et
1084 1517 1215 1551 aena
1254 1516 1498 1551 sororum

121 1576 371 1640 stamina,
411 1591 546 1642 quae
584 1573 765 1643 tepido
805 1576 1047 1643 genetrix
1088 1591 1247 1642 super
1285 1590 1478 1642 aggere
1515 1575 1631 1625 nati
1768 1584 1824 1625 65

119 1648 251 1701 orba
289 1648 435 1701 sedet
471 1649 558 1701 vel
596 1666 730 1717 quae
768 1651 1025 1717 primaevi
1065 1651 1307 1717 coniugis
1347 1650 1530 1716 ignem

118 1725 312 1791 aspicit
350 1722 729 1792 obstantesque
767 1741 956 1775 manus
996 1722 1313 1791 turbamque
1351 1724 1620 1774 tenentem

116 1800 284 1849 vincit
321 1801 379 1849 in
419 1797 711 1865 ardentem,
751 1798 929 1865 liceat,
967 1800 1227 1850 moritura
1263 1797 1550 1848 maritum?

115 1875 287 1925 maior
326 1875 378 1924 et
416 1871 500 1924 his
540 1873 721 1925 forsan
761 1890 980 1941 superos
1022 1874 1074 1924 et
1112 1871 1332 1924 Tartara
1369 1871 1578 1940 pulsem

115 1946 339 1999 invidia:
378 1950 608 1999 externis
649 1950 807 1999 etiam
846 1946 1146 1999 miserabile
1185 1949 1303 1998 visu
1762 1957 1819 1998 '10

234 2100 285 2136 52
300 2091 480 2137 lucum:
505 2091 686 2136 luctum
702 2092 921 2150 Saenqer:
948 2091 1111 2136 ludum
1131 2090 1446 2136 Mar-lelandus
1536 2089 1763 2135 solemnia

112 2158 164 2196 u
188 2151 318 2196 nuda
350 2167 398 2202 ςε
431 2151 580 2196 unda:
611 2154 757 2196 uncta
789 2153 966 2198 Polster
998 2155 1135 2205 1884,
1154 2154 1213 2196 12
1302 2158 1352 2194 55
1383 2149 1540 2207 putri.
1561 2149 1715 2195 ,fossa
1744 2150 1820 2205 (cf.

113 2210 422 2257 Schwarleius
444 2215 572 2257 1889
587 2214 716 2269 p.5):
741 2226 786 2269 p.
807 2246 818 2256 .
837 2245 847 2256 .
868 2246 877 2255 .
896 2211 1035 2255 busto
1052 2212 1231 2257 Polster
1254 2213 1375 2255 1884
1388 2213 1530 2267 p.12:
1555 2224 1602 2267 p·
1621 2245 1631 2255 .
1651 2244 1661 2255 .
1681 2244 1691 2254 .
1709 2223 1820 2255 saxo

113 2270 390 2317 Korschius:
415 2273 544 2316 meta
562 2306 572 2315 .
589 2306 600 2316 .
619 2270 744 2316 fessa
760 2271 882 2317 Sam
911 2285 960 2317 er
1020 2279 1067 2315 5⁶1
1086 2269 1304 2328 ligarem:
1330 2269 1537 2314 dicarem
1554 2284 1602 2319 ςε
1626 2268 1822 2314 litarent

112 2330 315 2377 Maius
346 2334 468 2376 1885
488 2346 536 2388 p.
562 2334 626 2376 92
714 2339 765 2375 ω
796 2286 1000 2389 orpgeae
1025 2365 1036 2375 .
1054 2365 1093 2375 ..
1119 2329 1269 2387 leges:
1303 2328 1543 2387 Harpyiae
1562 2364 1571 2373 .
1591 2363 1601 2374 .
1621 2363 1630 2373 .
1648 2328 1821 2387 plausu

265 2405 314 2436 er
372 2399 419 2435 οι
432 2390 524 2436 tibi
533 2391 582 2446 (i.
591 2391 783 2436 intutam
791 2391 1019 2448 honorem)
1031 2408 1040 2435 τ
1059 2389 1128 2435 ibi
1138 2403 1211 2434 me
1221 2389 1448 2434 Heinsius
1508 2397 1557 2432 02
1567 2388 1679 2433 Fors
1691 2406 1701 2433 :
1720 2402 1818 2434 sors

110 2450 490 2508 (ancer-dotium)
508 2451 796 2497 Koestliniuc
812 2454 934 2496 1876
949 2465 993 2507 p.
1005 2454 1092 2495 511
1185 2447 1507 2507 magniloquio
1599 2456 1648 2492 ⁶⁸
1665 2450 1819 2494 torvo:

107 2507 251 2555 docto
271 2510 608 2556 Marklandus:
633 2512 795 2555 tenero
812 2510 1093 2555 Koestlinius
1118 2512 1242 2554 1876
1260 2522 1307 2566 p.
1327 2512 1438 2553 509:
1464 2509 1622 2552 nostro
1642 2508 1820 2555 Polstor

110 2572 238 2615 1890
263 2585 311 2627 p.
338 2574 387 2615 5:
421 2570 558 2614 Latio
590 2570 811 2629 Saenyer:
844 2573 978 2615 torno
1005 2603 1016 2614 .
1042 2604 1052 2614 .
1080 2606 1088 2615 .
1116 2568 1322 2613 Maronis
1353 2569 1408 2613 ci.
1435 2568 1703 2626 Postqatt'us

108 2635 161 2674 00
189 2629 419 2674 moritura
450 2630 525 2685 (cs.
555 2629 687 2675 Τὴώ.
727 2630 854 2675 VIH
873 2634 986 2684 56ος
1017 2628 1162 2674 liceat
1190 2629 1309 2673 sicut
1341 2628 1443 2673 Sen.
1468 2627 1580 2672 dial.
1610 2627 1681 2671 VI
1695 2630 1771 2683 16,
1789 2630 1815 2673 1

108 2701 198 2747 par
227 2689 288 2734 ad
320 2689 540 2743 honesta,
571 2688 744 2744 libeat,
775 2688 980 2734 facultas
1012 2691 1084 2734 est
1115 2687 1236 2746 quod
1267 2694 1424 2733 temere
1455 2691 1727 2732 attrectatur
1756 2686 1816 2742 cf.

109 2749 249 2795 etiam
285 2749 477 2795 Octavia
511 2752 637 2806 107):
669 2748 823 2805 modo,
855 2748 981 2793 itura
1012 2747 1255 2793 Schrader:
1289 2746 1472 2791 ruitura
1503 2746 1730 2793 Heinsius

110 2814 165 2852 00
195 2811 246 2854 et
276 2809 351 2854 his
382 2809 642 2854 Krohm'uo:
676 2807 805 2853 aliis:
839 2811 890 2852 at
914 2808 986 2853 his
1011 2808 1266 2854 Baehrens:
1301 2806 1371 2851 ais
1404 2806 1617 2852 Vollmer:
1652 2818 1712 2851 an
1743 2803 1818 2851 hi:

113 2866 378 2914 Kmtenus
410 2872 532 2914 1899
555 2883 606 2926 p.
624 2871 736 2914 371:
769 2867 828 2913 ab
860 2867 934 2913 his
958 2868 1263 2914 Schwartziue
1287 2870 1412 2912 1889
1429 2880 1476 2923 p.
1495 2870 1525 2911 9
1614 2864 1814 2923 pulsem:

107 2925 267 2985 pulset
299 2927 350 2973 0.
378 2928 553 2974 Malles·
583 2931 703 2974 1861
733 2942 779 2985 p.
806 2932 864 2974 19
894 2929 993 2986 (qui
1022 2929 1160 2973 initio
1189 2939 1344 2972 versuo
1374 2925 1469 2970 fors
1501 2923 1627 2983 aliis)
