2034 3126
280 30 386 83 146
886 30 936 74 Ρ.
961 29 1168 73 ΡΑΡΙΝἹ
1200 29 1376 73 STATI

279 198 350 204 —
392 171 437 220 si
477 185 582 236 qua
619 166 748 219 fides
790 166 942 218 dictis
952 207 965 234 ,
1007 169 1189 234 stupui
1228 169 1593 235 armatumque
1631 170 1816 235 putavi
1848 189 1942 219 —:

278 241 503 295 Gaetulo
544 245 618 294 sic
656 241 877 309 pulcher
917 258 1050 308 equo
1090 240 1422 309 Troianaque
1462 259 1717 309 quassans

277 318 384 368 tela
420 316 722 368 novercales
761 314 875 366 ibat
912 317 1132 366 venator
1170 318 1228 366 in
1267 333 1423 383 agros

277 389 538 443 Ascanius
578 393 928 457 miseramque
966 392 1108 457 patri
1146 388 1406 457 flagrabat
1443 388 1696 457 Elissam3
1892 402 1976 442 120

278 465 490 517 Troilus
528 463 673 515 haud
711 465 864 515 aliter
901 481 1035 531 gyro
1075 464 1272 515 leviore
1309 466 1572 515 minantes

280 539 524 592 eludebat
563 556 724 606 equos
766 540 858 589 aut
898 555 1055 606 quem
1094 537 1156 589 de
1194 537 1430 589 turribus
1473 539 1594 589 altis

279 613 511 665 Arcadas
546 611 759 681 Ogygio
798 614 1097 664 versantem
1133 615 1192 663 in
1229 613 1446 680 pulvere
1484 615 1649 663 metas

280 687 589 756 spectabant
627 686 818 754 Tyriae
855 704 966 738 non
1004 688 1156 738 torvo
1198 687 1399 737 lumine
1437 688 1646 738 matreS.

391 779 516 830 ergo
543 779 640 829 age
665 791 735 796 --
759 778 885 812 nam
907 778 1103 828 magno
1130 760 1276 812 ducis
1300 760 1638 828 indulgentia
1651 761 1832 828 pulsat
1893 773 1977 812 125

280 839 524 905 certaque
564 835 653 886 dat
690 837 829 886 votis
868 834 1053 886 hilaris
1094 837 1320 902 vestigia
1358 835 1519 886 frater
1557 865 1644 902 ——-,

281 929 438 979 surge
478 913 653 961 animo
695 911 748 960 et
785 909 948 961 fortes
990 911 1284 960 castrorum
1323 912 1539 977 concipe
1580 927 1744 961 curas,

278 985 655 1037 monstrabunt
694 986 829 1035 acies
868 982 1080 1035 Mavors
1121 981 1422 1051 Actaeaque
1461 987 1635 1051 virgo,

280 1059 486 1111 flectere
528 1056 717 1111 Castor
757 1076 941 1126 equos,
980 1060 1175 1109 umeris
1218 1060 1431 1125 quatere
1471 1076 1616 1109 arma
1655 1056 1930 1125 Quirinus,

281 1138 373 1203 qui
411 1133 512 1185 tibi
550 1136 658 1184 iam
696 1135 877 1184 tenero
917 1134 1160 1200 permisit
1197 1131 1447 1200 plaudere
1488 1133 1624 1184 collo
1894 1144 1979 1184 130

278 1208 574 1276 nubigenas
617 1208 812 1274 clipeos
853 1208 1157 1274 intactaque
1197 1206 1441 1258 caedibus
1483 1224 1640 1258 arma.

394 1299 651 1351 quasnam
679 1283 848 1349 igitur
879 1283 1060 1348 terraS‚
1093 1299 1250 1348 quem
1275 1278 1510 1332 Caesaris
1542 1280 1644 1333 ibis
1677 1284 1735 1332 in
1763 1281 1980 1333 orbem?

280 1355 575 1408 Arctoosne
616 1374 793 1407 amnes
836 1358 887 1407 et
924 1355 1099 1407 Rheni
1138 1355 1304 1406 fracta
1339 1355 1548 1407 natabis

280 1430 502 1482 flumina
540 1448 608 1482 an
647 1430 904 1482 aestiferis
945 1429 1143 1497 Libyae
1184 1429 1395 1481 sudabis
1435 1433 1494 1481 in
1533 1430 1708 1482 arvis?

281 1524 350 1557 an
387 1509 516 1574 iuga
552 1504 860 1556 Pannoniae
899 1507 1294 1572 mutatoresque
1335 1504 1613 1556 domorum
1896 1517 1979 1556 135

283 1579 621 1633 Sauromatas
663 1579 904 1647 quaties?
968 1597 1035 1630 an
1074 1581 1127 1630 te
1167 1585 1414 1647 septenus
1454 1578 1673 1630 habebit

399 1793 467 1827 117
502 1783 638 1827 distis
783 1785 1108 1839 armatumque
1140 1784 1285 1840 (haud
1314 1784 1431 1828 male
1463 1784 1781 1828 Phillimorius
1810 1785 1984 1839 confert

282 1844 394 1889 Sall.
406 1844 534 1899 apud
546 1843 702 1900 Quint.
712 1843 817 1887 inst.
838 1844 971 1887 VIII
972 1845 1015 1897 3,
1025 1844 1103 1898 82)
1115 1861 1123 1886 :
1138 1843 1430 1899 Martemque
1442 1843 1503 1885 M
1501 1843 1775 1887 arklandus:
1789 1843 1982 1887 Assara-

282 1916 481 1959 cumque
505 1902 725 1960 Saenyer:
750 1902 1096 1958 Adrastumque
1113 1902 1262 1947 Slater
1285 1906 1408 1947 1907
1426 1917 1474 1959 p.
1494 1906 1584 1947 136
1607 1916 1721 1958 quae
1745 1903 1986 1959 displicent

280 1965 348 2008 vel
374 1968 560 2019 propter
590 1963 824 2019 sequentia
939 1970 1012 2004 120
1043 1961 1295 2018 flagrabat:
1328 1962 1603 2005 flammabat
1634 1962 1878 2006 Heinsius:
1911 1962 1982 2005 in-

281 2022 516 2080 flagrabat
547 2022 698 2079 Unyer
728 2025 849 2066 1868
874 2036 923 2078 p.
941 2025 1034 2066 204
1066 2023 1199 2078 (idem
1231 2023 1402 2078 patre):
1437 2021 1656 2078 capiebat
1679 2022 1829 2066 Slater
1859 2025 1982 2066 1907

275 2098 324 2139 p.
345 2086 435 2126 148
525 2089 594 2124 121
617 2080 808 2125 leviore:
833 2081 1045 2125 breviore
1073 2081 1332 2126 Gronovius
1421 2089 1493 2124 123
1517 2083 1666 2124 metas
1691 2082 1766 2136 (cf.
1790 2081 1984 2126 Vollmer

282 2144 406 2187 1893
413 2156 460 2198 p.
481 2143 609 2197 841):
635 2140 790 2184 frenos
808 2141 1008 2199 Saenyer
1024 2145 1142 2185 1910
1151 2155 1200 2197 p.
1212 2145 1303 2186 350
1320 2143 1474 2197 (antea
1489 2142 1638 2184 metas
1656 2141 1723 2185 vel
1740 2140 1920 2195 cristas)

281 2210 352 2244 125
385 2215 495 2245 nam
525 2213 696 2257 magno
730 2202 778 2256 (i.
804 2201 867 2245 ad
897 2214 1068 2257 mayna
1098 2201 1196 2244 dum
1226 2201 1648 2258 indulyentissimus
1678 2205 1720 2244 te
1737 2201 1981 2258 provehit):

282 2275 391 2305 nam
423 2259 584 2316 magni
617 2274 664 2309 ς;
699 2259 795 2302 iam
827 2274 999 2316 magno
1033 2261 1144 2317 (scil.
1172 2260 1327 2304 animo
1352 2275 1390 2305 v.
1412 2263 1516 2315 127,
1539 2260 1805 2316 parenthesi
1828 2275 1858 2304 a
1881 2274 1983 2305 voce

284 2321 401 2364 duce
433 2320 577 2376 facta)
605 2325 711 2375 post
749 2319 1021 2364 Vollmernm
1053 2321 1384 2373 Phillimorius,
1416 2319 1538 2376 qnod
1560 2324 1750 2376 propter
1781 2321 1982 2364 disiunc-

283 2381 451 2426 tionem
488 2393 644 2424 vocum
683 2393 853 2436 magno
893 2385 935 2423 et
969 2378 1126 2423 animo
1157 2380 1273 2434 ferri
1302 2381 1383 2423 vix
1406 2383 1564 2435 potest.
1606 2393 1782 2423 versum
1804 2384 1912 2435 post
1941 2394 1980 2423 v.

284 2442 374 2484 125
397 2439 613 2483 excidisse
636 2443 780 2483 censet
796 2438 993 2495 Saenyer
1017 2440 1097 2495 qui
1119 2440 1288 2494 pensat
1304 2453 1394 2496 pro
1413 2438 1574 2495 pulsat
1588 2439 1769 2495 scripsit
1784 2439 1983 2494 (perstat

293 2499 464 2543 Waller
495 2501 619 2542 1885
644 2512 695 2554 p.
715 2501 788 2554 51)
880 2506 951 2541 126
975 2497 1138 2542 hilaris
1165 2499 1314 2555 (dat.):
1349 2498 1502 2542 clarus
1525 2498 1831 2543 Schwartzius
1854 2501 1981 2542 1889

275 2573 326 2614 p.
355 2561 431 2602 13:
472 2558 715 2614 praestans
755 2557 955 2615 Saenyer
1103 2565 1175 2600 128
1211 2558 1479 2613 Actaeaque
1513 2572 1559 2606 ς;
1602 2570 1832 2612 acceaque

283 2626 354 2660 129
387 2631 529 2673 equos
563 2631 610 2666 ςτ
644 2631 784 2672 eques
875 2617 1068 2661 umeris:
1102 2617 1319 2661 manibus
1352 2617 1453 2662 Otto
1485 2620 1611 2661 1887
1626 2631 1677 2673 p.
1697 2619 1804 2661 543:
1839 2617 1981 2660 armis

285 2678 482 2734 Saenyer
600 2684 673 2718 130
705 2677 787 2732 qui
820 2690 870 2725 ⁶5:
905 2676 1008 2732 quis
1129 2677 1224 2719 iam
1257 2678 1434 2722 Pol-ster
1465 2680 1589 2720 1884
1611 2691 1663 2733 p.
1689 2679 1767 2720 11:
1800 2680 1899 2719 tam

285 2745 352 2779 131
386 2736 647 2792 nubigenas
678 2736 743 2779 ed.
772 2736 949 2780 Parni:
991 2735 1256 2793 Nubigeras
1378 2736 1600 2780 caedibus
1633 2750 1681 2784 ςε
1713 2735 1922 2778 cedimus

287 2808 438 2838 arma:
472 2809 580 2838 aera
614 2795 928 2840 Mai-lelandus
1024 2804 1096 2838 133
1128 2797 1384 2839 Arctoosne
1416 2810 1464 2845 ς;
1497 2808 1572 2839 ·ve
1670 2802 1741 2837 184
1773 2793 1923 2838 librae

286 2854 406 2898 arvis
440 2869 486 2904 ςε
521 2854 662 2898 armis
754 2863 825 2897 136
857 2855 1063 2910 quaties:
1098 2868 1294 2910 quaeres
1325 2854 1525 2913 Saenyer
