2034 3126
272 34 344 87 92
879 33 930 79 Ρ.
954 33 1162 79 PAPINI
1191 34 1368 79 STATI

266 170 400 223 Iuno
440 172 584 223 videt
623 172 924 241 refugitque
961 190 1178 223 manum
1215 174 1498 241 nectarque
1531 176 1737 227 recusat
1760 206 1847 243 ——-,
1911 189 1964 228 15

267 249 321 297 at
359 249 419 297 tu
458 249 612 315 grata
651 246 759 298 deis
799 246 1125 315 pulchroque
1163 250 1391 316 insignis
1432 249 1646 300 alumno

264 323 461 372 misisti
499 319 674 388 Latio,
714 321 923 389 placida
961 338 1117 389 quem
1155 322 1329 374 fronte
1367 325 1673 375 ministrum

264 394 505 463 Iuppiter
543 393 815 447 Ausonius
854 398 1052 464 pariter
1090 395 1434 465 Romanaque
1472 396 1608 449 Iuno

266 472 531 537 aspiciunt
570 472 622 522 et
660 473 880 538 uterque
919 470 1162 538 probant.
1223 488 1320 523 nec
1357 474 1508 523 tanta
1545 475 1753 540 potenti

265 546 525 596 terrarum
566 544 780 596 domino
822 544 1003 596 divum
1042 548 1154 596 sine
1192 548 1367 597 mente
1406 547 1667 614 voluptas,
1909 561 1965 602 20

376 618 569 670 dicitur
606 617 802 671 Idalios
842 617 1029 687 Erycis
1070 619 1132 671 de
1170 622 1363 672 vertice
1401 621 1548 673 lucos

265 692 390 743 dum
428 694 565 761 petit
604 696 656 744 et
693 694 880 745 molles
922 696 1091 762 agitat
1128 693 1307 746 Venus
1349 712 1506 747 aurea
1545 714 1767 765 cygnos,

263 766 575 835 Pergameas
614 770 841 820 intrasse
881 767 1063 820 domos
1073 809 1086 836 ,
1126 768 1219 820 ubi
1257 772 1517 821 maximus
1559 774 1729 839 aegris

263 843 547 894 auxiliator
586 841 733 894 adest
773 844 824 894 et
862 843 1172 895 festinantia
1210 845 1400 895 sistens

261 916 372 967 fata
411 917 683 968 salutifero
723 919 868 969 mitis
911 917 1036 969 deus
1075 917 1293 969 incubat
1333 922 1510 987 angui.
1906 934 1961 974 25

261 991 348 1043 hic
385 1009 610 1059 puerum
649 995 891 1060 egregiae
929 993 1259 1061 praeclarum
1299 993 1465 1045 sidere
1503 994 1704 1046 formae

260 1068 429 1134 ipsius
471 1068 592 1117 ante
632 1065 715 1118 dei
753 1066 1023 1118 ludentem
1063 1069 1324 1135 conspicit
1361 1085 1491 1120 aras,

261 1158 320 1192 ac
358 1144 591 1208 primum
632 1140 808 1192 subita
844 1142 1066 1209 paulum
1105 1141 1321 1210 decepta
1357 1142 1531 1211 figura

258 1217 508 1267 natorum
548 1215 610 1267 de
648 1215 802 1283 plebe
840 1218 1017 1284 putat3
1059 1216 1149 1268 sed
1185 1234 1297 1268 non
1336 1220 1447 1269 erat
1483 1218 1567 1269 1111

260 1307 409 1341 arcus
452 1292 504 1342 et
543 1308 605 1341 ex
643 1293 837 1342 umeris
876 1291 1056 1342 nullae
1094 1291 1424 1360 fulgentibus
1464 1292 1694 1346 umbrae.
1905 1308 1962 1349 30

256 1366 481 1415 miratur
518 1366 721 1432 puerile
761 1364 916 1417 decus
956 1367 1269 1434 vultumque
1309 1384 1588 1435 comasque

259 1441 517 1508 aspiciens
561 1439 714 1491 ‘tune
753 1437 1048 1492 Ausonias'
1090 1443 1164 1492 ait
1204 1439 1332 1493 ‘ibis
1374 1441 1438 1493 ad
1478 1460 1642 1510 arceS‚

259 1514 532 1582 neglectus
573 1513 804 1566 Veneri?
866 1516 926 1566 tu
967 1515 1179 1567 sordida
1216 1518 1355 1567 tecta
1392 1519 1683 1585 iugumque

259 1590 460 1640 servitii
498 1589 717 1657 vulgare
756 1589 926 1641 feres?
988 1591 1175 1658 procul
1215 1590 1374 1643 absit:
1438 1608 1536 1660 ego
1576 1594 1689 1660 isti,

257 1680 415 1731 quem
437 1666 644 1731 meruit,
669 1664 868 1715 formae
894 1663 1167 1716 dominum
1189 1665 1338 1718 dabo,
1385 1665 1514 1717 vade
1534 1684 1630 1735 age
1645 1686 1864 1738 mecum,
1905 1681 1959 1722 35

255 1737 407 1805 vade,
446 1756 598 1806 puer:
663 1738 849 1793 ducam
886 1740 1091 1791 volucri
1129 1758 1223 1808 per
1263 1740 1433 1792 sidera
1471 1758 1627 1793 curru

257 1811 455 1864 donum
492 1815 722 1865 immane
763 1813 904 1881 duci3
943 1832 1040 1865 nec
1078 1817 1130 1866 te
1168 1814 1376 1883 plebeia
1413 1815 1704 1869 manebunt

254 1889 393 1939 iura:
455 1886 700 1940 Palatino
739 1887 971 1940 famulus
1012 1888 1214 1941 deberis
1255 1893 1436 1942 amori.

253 1962 334 2013 nil
373 1979 493 2031 eg0‚
532 1963 633 2030 nil,
673 1963 863 2030 fateor,
903 1965 1017 2015 toto
1057 1966 1168 2015 tam
1208 1963 1357 2016 dulce
1398 1965 1495 2017 sub
1537 1965 1661 2018 orbe

256 2038 348 2087 aut
385 2036 495 2088 vidi
534 2040 626 2088 aut
663 2041 840 2106 genui.
904 2038 1050 2090 cedet
1087 2038 1188 2090 tibi
1227 2037 1465 2092 Latmius
1506 2040 1648 2093 ultro
1901 2055 1957 2095 4ο

256 2108 649 2180 Sangariusque
687 2130 821 2180 puer
859 2130 1118 2181 quemque
1157 2116 1309 2165 irrita
1347 2114 1510 2167 fontis
1550 2117 1728 2185 imago

253 2188 305 2236 et
345 2187 538 2238 sterilis
580 2190 910 2256 consumpsit
950 2205 1110 2240 amor.
1171 2191 1223 2239 te
1264 2190 1472 2240 caerula
1509 2187 1640 2242 Nais

251 2261 435 2312 mallet
473 2262 525 2312 et
564 2260 823 2330 adprensa
860 2263 1108 2314 traxisset
1145 2263 1337 2315 fortius
1377 2282 1524 2316 urna.

252 2336 334 2402 tu,
374 2353 527 2403 puer,
568 2338 690 2388 ante
729 2339 924 2405 omnis3
966 2338 1109 2389 solus
1150 2337 1432 2390 formosior
1469 2339 1582 2406 1116,

254 2412 338 2460 cui
379 2409 617 2463 daberiS.'
683 2413 756 2462 sic
797 2427 916 2463 orsa
953 2412 1092 2463 leves
1135 2431 1310 2464 secum
1348 2416 1466 2481 ipsa
1503 2432 1597 2482 per
1636 2432 1788 2467 auras
1897 2427 1952 2468 45
2021 2427 2034 2454 ·²

251 2484 396 2536 tollit
436 2485 745 2553 olorinaque
783 2485 931 2538 iubet
970 2486 1239 2539 considere
1276 2487 1417 2556 biga.

369 2637 415 2672 21
446 2629 498 2673 id
530 2629 668 2674 alios:
700 2629 865 2675 Idaeos
896 2633 951 2676 ci.
977 2631 1177 2690 Saenyer
1321 2641 1370 2676 22
1403 2648 1460 2690 sy
1489 2634 1590 2691 (del.
1615 2633 1698 2690 11¹)
1731 2634 1892 2692 cignos

252 2696 300 2731 28
310 2688 462 2746 Perga
471 2703 599 2734 meas
662 2699 710 2733 26
721 2690 939 2748 egregiae
950 2706 977 2741 ς
987 2709 997 2735 :
1017 2692 1203 2749 egregie
1265 2701 1314 2735 28
1323 2692 1500 2738 subita:
1516 2693 1660 2737 dubia
1668 2695 1893 2740 Heinsius

249 2756 296 2790 84
322 2748 485 2804 procul
511 2764 559 2798 ςε
591 2749 755 2805 procul
779 2750 941 2806 procul
1033 2759 1082 2794 88
1107 2751 1273 2796 amori:
1299 2752 1466 2797 honori
1490 2753 1804 2799 Rothsteinius
1829 2759 1950 2800 1900

246 2822 296 2864 p.
322 2811 413 2852 509
505 2817 554 2851 8⁹
585 2810 685 2852 tam
717 2824 765 2858 ςι
798 2809 894 2853 iam
985 2819 1035 2854 40
1062 2811 1226 2868 genui:
1259 2811 1390 2855 tenui
1423 2814 1595 2858 Waller
1619 2817 1744 2858 1885
1759 2828 1808 2870 p.
1827 2817 1889 2859 29

252 2866 407 2912 cedet:
441 2867 580 2912 cedat
607 2883 635 2918 ς
667 2870 806 2926 (quod
827 2884 923 2915 ‘non
946 2871 1148 2926 quadrat
1170 2871 1233 2916 ad
1255 2871 1396 2929 111110)
1487 2872 1695 2916 Latmius
1721 2888 1764 2918 c:
1798 2873 1948 2918 lamus
