2034 3126
254 100 323 153 38
862 100 911 144 P.
938 100 1144 143 PAPINI
1176 100 1351 145 STATI

254 237 494 290 arborem
527 239 664 290 certe
693 240 855 306 tuam,
886 237 1090 306 Melior,
1123 241 1175 290 et
1205 240 1491 307 psittacum
1524 243 1623 291 scis
1653 258 1684 291 a
1705 258 1788 291 me
1813 241 1951 292 leves

253 312 464 365 libellos
504 315 656 380 quasi
696 315 1089 381 epigrammatis
1129 314 1245 365 loco
1288 316 1527 382 scriptos.
1597 314 1813 366 eandem
1851 318 1953 366 exi-

253 386 412 455 gebat
459 388 570 439 stili
614 386 925 439 facilitatem
966 388 1415 455 leomansuetuS,
1464 406 1615 456 quem
1656 391 1715 440 in
1754 389 1954 457 amphi-

253 461 460 513 theatro
484 463 811 530 prostratum
834 461 1089 530 frigidum
1114 464 1237 530 erat,
1266 465 1618 515 sacratissimo
1641 461 1953 531 Imperatori

253 538 311 587 ni
344 538 522 588 statim
551 536 823 588 traderem.
880 536 946 587 ad
967 535 1168 589 Ursum
1191 555 1401 605 quoque
1423 538 1681 605 nostrum,
1712 541 1955 590 iuvenem
2019 556 2034 577 κ

256 609 687 662 candidissimum
712 613 763 662 et
788 613 900 663 sine
923 612 1125 662 iactura
1150 610 1376 663 desidiae
1393 611 1770 679 doctissimum,
1797 616 1954 681 scrip-

254 687 365 736 tam
404 684 466 736 de
505 687 698 737 amisso
737 703 901 753 puero
943 686 1359 738 consolationem
1399 704 1555 754 super
1594 704 1654 738 ea
1689 704 1821 754 quae
1850 690 1955 755 ipsi

256 759 416 811 debeo
448 759 573 811 huic
604 759 741 812 libro
773 759 999 811 libenter
1028 762 1242 828 inserui,
1277 763 1402 828 quia
1429 760 1686 812 honorem
1718 764 1827 813 eius
1855 761 1955 813 tibi

254 835 459 886 laturus
509 836 721 902 accepto
770 836 862 887 est.
933 834 1099 886 cludit
1126 836 1393 886 'volumen
1438 835 1809 903 genethliacon
1854 835 1955 887 Lu-

257 910 395 977 cani,
450 908 593 977 quod
637 907 792 961 Polla
837 906 1177 978 Argentaria,
1226 912 1497 962 rarissima
1541 928 1788 978 uxorum,
1836 928 1954 962 cum

254 983 397 1035 hunc
429 982 567 1034 diem
597 983 734 1035 forte
766 979 1172 1051 consolaremur,
1203 985 1458 1052 imputari
1491 983 1592 1036 sibi
1615 985 1800 1037 voluit.
1857 1003 1953 1054 ego

254 1075 365 1109 non
417 1059 571 1126 potui
616 1061 871 1110 maiorem
915 1060 1050 1110 tanti
1100 1059 1327 1110 auctoris
1374 1057 1567 1110 habere
1611 1061 1956 1111 reverentiam

257 1150 416 1201 quam
448 1131 591 1200 quod
620 1132 800 1185 laudes
835 1135 945 1185 eius
979 1132 1214 1184 dicturus
1246 1132 1576 1185 hexametros
1608 1151 1752 1186 meos
1784 1136 1954 1186 timui.

255 1207 383 1258 haec
425 1207 828 1276 qualiacumque
868 1209 1013 1275 sunt,
1059 1206 1251 1259 Melior
1291 1210 1576 1275 carissime,
1626 1211 1670 1259 si
1708 1209 1808 1260 tibi
1845 1227 1957 1260 non

257 1281 645 1350 displicuerint,
687 1300 717 1333 a
754 1284 807 1334 te
840 1281 1117 1350 publicum
1148 1283 1430 1350 accipiant3
1471 1285 1516 1334 si
1546 1285 1738 1350 minus,
1779 1282 1844 1334 ad
1873 1301 1956 1336 me

255 1357 600 1408 revertantur.

1088 1505 1128 1558 I.

487 1620 784 1666 GLAUCIAS
817 1621 1025 1666 ATEDII
1055 1620 1342 1666 MELIORIS
1374 1620 1723 1667 DELICATUS.

369 1728 522 1790 Quod
559 1728 660 1781 tibi
697 1731 983 1799 praerepti,
1022 1728 1233 1797 Melior,
1276 1730 1512 1782 solamen
1551 1731 1753 1782 alumni

254 1803 529 1872 improbus
571 1805 692 1856 ante
730 1821 890 1873 rogos
932 1806 984 1856 et
1022 1804 1192 1856 adhuc
1230 1807 1439 1856 vivente
1478 1804 1662 1856 favilla

256 1878 466 1931 ordiar?
529 1877 767 1947 abruptis
809 1881 968 1931 etiam
1003 1897 1147 1931 nunc
1185 1878 1359 1931 flebile
1397 1875 1555 1950 venis}

254 1954 448 2006 vulnus
488 1953 622 2021 hiat,
662 1971 991 2022 magnaeque
1028 1955 1176 2023 patet
1213 1957 1300 2005 via
1337 1953 1543 2006 lubrica
1578 1955 1789 2022 plagae,

257 2046 378 2080 cum
413 2031 522 2080 iam
560 2031 769 2097 egomet
808 2031 992 2081 cantus
1034 2031 1085 2080 et
1123 2028 1283 2080 verba
1319 2028 1585 2080 medentia
1623 2046 1807 2081 saevus

257 2102 468 2155 confero
478 2143 492 2171 ,
530 2104 591 2155 tu
629 2103 874 2171 planctus
914 2103 1249 2172 lamentaque
1287 2103 1450 2156 fortia
1485 2106 1652 2155 mavis

257 2176 520 2246 odistique
561 2177 752 2246 chelyn
791 2177 1051 2247 surdaque
1092 2180 1339 2230 averteris
1381 2195 1519 2230 aure.

375 2346 420 2380 21
452 2337 710 2394 psittacum
742 2339 898 2395 (prius
928 2340 949 2382 t
979 2339 1062 2383 del.
1087 2337 1172 2396 Μ’)
1268 2347 1316 2381 28
1347 2337 1651 2382 facilitatem:
1693 2337 1957 2394 agilitatem

260 2396 598 2442 Cornelissenus
616 2401 739 2442 1877
748 2412 797 2455 Ρ.
808 2401 905 2443 282
919 2399 1146 2442 inutiliter
1236 2406 1285 2441 26
1303 2397 1596 2443 dotissimum
1688 2405 1737 2440 28
1752 2397 1897 2442 debeo
1910 2413 1957 2447 ςε

258 2456 405 2500 dehee
497 2465 545 2499 2⁹
578 2459 662 2501 est.
698 2456 847 2501 cludit
873 2458 1146 2515 Madviyius
1179 2461 1299 2502 1873
1326 2472 1372 2514 Ρ.
1392 2461 1481 2502 160
1512 2457 1646 2514 (idem
1674 2471 1774 2501 cum
1800 2471 1847 2506 ςε
1883 2470 1959 2502 ac-

258 2517 482 2574 ceptum):
515 2516 755 2560 Excludit.
789 2516 1028 2560 concludit
1061 2516 1350 2562 Cartaultius
1380 2520 1500 2562 1904
1526 2531 1575 2573 Ρ.
1603 2519 1694 2562 526
1813 2525 1863 2559 30
1885 2531 1959 2561 ra-

256 2575 462 2621 rissima·
490 2576 733 2620 carissima
748 2575 817 2619 Μ’
906 2585 951 2620 81
970 2576 1315 2620 consolaremur
1331 2578 1566 2622 Klotzius:
1590 2575 1957 2621 consuleremus:

257 2635 684 2680 concelebraremus
731 2636 950 2694 Saenyer.
1000 2635 1253 2680 coleremus
1300 2636 1566 2682 Skutschius
1611 2638 1732 2679 1893
1764 2650 1814 2692 Ρ.
1841 2640 1955 2682 826:

255 2709 350 2738 una
382 2695 637 2739 coleremus
670 2697 937 2754 Postyatius
967 2699 1086 2740 1905
1114 2711 1163 2752 Ρ.
1191 2699 1278 2740 119
1310 2697 1487 2752 (contra
1518 2696 1766 2752 numeros):
1802 2709 1958 2739 secum

258 2756 342 2811 (vel
379 2756 551 2811 tecum)
589 2754 845 2799 coleremus
878 2755 1198 2800 Phillimorius
1230 2756 1381 2813 (niale)
1532 2762 1580 2798 83
1613 2754 1731 2798 seius
1764 2754 1804 2811 (s
1820 2757 1959 2811 prius

258 2814 341 2858 del.
364 2814 447 2869 11¹,
479 2829 578 2871 emp.
603 2813 687 2871 ΜΞ)
779 2823 827 2857 35
860 2814 922 2858 si:
956 2814 1028 2858 sin
1063 2816 1331 2860 Politianus
1362 2816 1414 2859 cl.
1440 2814 1521 2858 IV
1532 2815 1685 2870 praef.
1711 2817 1770 2858 45

375 2873 408 2919 I.
434 2883 457 2917 4
480 2878 594 2919 recte
618 2875 721 2919 dist.
756 2874 949 2918 Vollmer
1039 2882 1063 2916 6
1089 2874 1273 2918 confero
1299 2890 1346 2918 a:
1381 2886 1571 2918 consero
1597 2874 1734 2929 (quod
1758 2873 1960 2928 defendit

259 2933 572 2979 Rothsteinius
603 2937 725 2978 1900
752 2948 799 2990 Ρ.
827 2936 935 2992 500)
960 2943 963 2948 ·
1026 2933 1217 2990 plantus
1309 2933 1455 2978 mavis
1488 2932 1554 2976 ΜΞ
1577 2935 1630 2977 in
1652 2947 1760 2991 φημι
1793 2947 1959 2978 manus

1989 927 2034 966 3c

1989 1299 2034 1338 35
