2034 3126
236 37 345 90 120
845 37 896 82 P.
919 37 1128 82 PAPINI
1160 38 1334 84 STATI

234 173 514 227 Praxitelis
524 215 538 241 ,
579 175 721 243 quod
760 174 890 227 ebur
927 174 1113 228 Pisaeo
1152 177 1346 244 pollice
1384 196 1583 246 rasum,

233 248 361 316 quid
399 247 707 317 Polyeliteis
747 252 953 302 iussum
993 253 1192 318 spirare
1231 254 1472 319 caminis,

231 323 374 374 linea
411 340 544 391 quae
583 326 811 374 veterem
848 324 1010 392 longe
1048 324 1277 376 fateatur
1315 323 1562 394 Apellen,

230 397 573 449 monstrabit:
610 415 839 466 namque
869 397 1011 465 haec,
1044 401 1288 466 quotiens
1322 399 1512 468 chelyn
1543 404 1701 468 exuit,
1733 403 1816 454 illi
1880 416 1937 455 30

233 471 432 524 desidia
470 474 570 539 est,
610 471 698 522 hic
736 470 927 524 Aoniis
968 491 1116 525 amor
1155 477 1340 526 avocat
1379 478 1559 527 antris,

343 546 471 598 haec
508 549 649 597 inter
687 549 860 598 castae
898 550 1086 615 genius
1126 549 1397 616 tutelaque
1434 567 1646 602 mensae

231 618 738 688 Amphitryoniades
777 621 949 672 multo
988 639 1106 673 mea
1143 625 1283 690 cepit
1322 641 1498 675 amore

229 698 446 762 pectora
482 713 579 746 nec
618 696 783 763 longo
823 698 1038 747 satiavit
1075 696 1280 747 lumina
1317 700 1457 749 visu:

230 772 411 821 tantus
452 769 623 821 honos
665 772 812 837 operi
850 769 1087 838 finesque
1125 771 1332 823 inclusa
1368 789 1463 839 per
1501 774 1644 824 artos
1880 787 1937 826 35

230 846 501 896 maiestas!
564 843 690 895 deus
729 844 845 911 ille,
886 844 1035 896 deus!
1098 863 1312 913 seseque
1350 846 1635 898 videndum

230 918 476 986 indulsit,
517 916 772 986 Lysippe,
812 918 913 970 tibi
950 937 1252 988 parvusque
1290 920 1456 972 videri

233 995 521 1061 sentirique
558 995 772 1062 ingens!
835 996 886 1044 et
925 1011 1046 1044 cum
1082 994 1342 1046 mirabilis
1381 997 1524 1046 intra

232 1069 335 1119 stet
372 1084 620 1119 mensura
656 1067 864 1135 pedem,
904 1070 1083 1119 tamen
1122 1069 1411 1120 exclamare
1442 1069 1649 1137 libebit,

232 1144 276 1193 si
316 1144 461 1193 visus
501 1159 596 1210 per
633 1141 1064 1201 membraferes:
1106 1141 1233 1194 ‘hoc
1271 1146 1483 1211 pectore
1521 1163 1732 1212 pressus
1879 1158 1936 1199 40

230 1218 467 1268 vastator
503 1214 728 1269 Nemees
737 1257 751 1284 ‚
791 1217 918 1268 haec
958 1217 1168 1268 exitiale
1206 1217 1445 1269 ferebant

230 1290 395 1342 robur
433 1293 485 1342 et
523 1288 735 1360 Argoos
776 1291 1094 1359 frangebant
1131 1290 1347 1343 brachia
1384 1292 1590 1345 remos?

232 1383 292 1416 ac
332 1368 505 1433 spatio
544 1368 655 1416 tam
694 1383 890 1434 magna
927 1365 1074 1417 brevi
1106 1365 1379 1418 mendacia
1417 1367 1637 1419 formae!

231 1442 350 1508 quis
390 1439 578 1492 modus
618 1443 677 1491 in
717 1439 919 1507 dextra,
960 1443 1159 1508 quanta
1198 1443 1520 1508 experientia
1560 1441 1700 1494 docti

233 1513 449 1566 artificis
491 1517 653 1581 ουκ-15,
692 1517 892 1583 pariter
929 1518 1227 1583 gestamina
1243 1572 1245 1574 ,
1263 1533 1474 1567 mensae
1878 1529 1936 1569 45

237 1588 438 1657 fingere
477 1591 529 1640 et
567 1592 811 1657 ingentes
853 1593 1030 1641 animo
1070 1607 1276 1641 versare
1319 1591 1578 1642 colossos!

231 1664 337 1714 tale
374 1681 472 1715 nec
510 1662 680 1715 Idaeis
722 1667 1006 1732 quicquam
1046 1663 1321 1716 Telchines
1361 1668 1419 1716 in
1460 1667 1625 1717 antris

351 1802 400 1837 20
417 1795 620 1838 veterem
637 1793 798 1852 longe:
816 1807 976 1838 verum
993 1794 1023 1838 l.
1037 1794 1370 1838 Marklandus:
1390 1797 1603 1838 tenerum
1619 1794 1649 1839 1.
1661 1795 1936 1841 Korschias:

231 1853 462 1898 Venerem
495 1867 668 1898 conans
701 1855 756 1899 ei.
774 1854 988 1912 Saenyer,
1020 1854 1141 1910 quod
1163 1867 1257 1897 non
1281 1855 1490 1913 intelleyo
1581 1863 1632 1897 80
1654 1855 1939 1900 monstrabit

236 1914 498 1959 Gevartius:
524 1914 801 1957 monstravit
892 1913 965 1956 illi
992 1913 1256 1958 Gevartius:
1282 1912 1363 1957 ille
1455 1922 1504 1956 84
1529 1913 1741 1959 satiavit:
1769 1916 1937 1959 satiavi

231 1973 551 2018 Phdlimorius
582 1973 698 2018 male
839 1981 889 2016 85
920 1973 1127 2028 finesque
1159 1972 1342 2016 inclusa
1372 1987 1456 2030 per
1486 1975 1615 2018 artos
1647 1989 1695 2024 ς;
1730 1974 1938 2031 finesque

232 2035 506 2090 (tenuesque
524 2034 816 2078 Bursianus:
837 2032 1120 2088 iuvenesque
1139 2034 1317 2078 Pol-ster
1332 2036 1459 2077 1878
1467 2047 1517 2089 p.
1533 2037 1583 2078 9:
1602 2035 1774 2078 teretes
1795 2035 1938 2080 Gras-

231 2093 386 2151 beryer
416 2096 537 2137 1877
562 2107 610 2149 p.
632 2094 739 2149 775)
766 2091 875 2136 incl.
893 2105 978 2149 per
1001 2093 1132 2136 artus
1223 2100 1273 2135 86
1296 2098 1410 2137 reete
1434 2093 1537 2138 dist.
1555 2093 1938 2140 Lundstroemius

232 2155 355 2196 1893
382 2166 428 2209 p.
458 2156 516 2197 74
636 2160 683 2195 87
715 2151 920 2196 Indulsit
950 2151 983 2209 (l
1015 2166 1071 2196 ea:
1102 2166 1121 2195 s
1154 2151 1235 2206 11¹,
1267 2150 1285 2194 1
1315 2166 1414 2208 emp.
1439 2151 1520 2208 Μ’,
1552 2153 1698 2198 voluit
1727 2167 1831 2212 erqo
1861 2154 1938 2198 In-

232 2211 389 2269 clusit)
479 2219 529 2255 88
553 2211 785 2256 mirabilis
809 2211 952 2255 intra:
981 2210 1048 2256 -le
1073 2211 1193 2255 citra
1216 2211 1586 2257 Sandstroemius
1610 2215 1731 2257 1878
1745 2227 1796 2270 p.
1816 2216 1878 2258 30

231 2281 281 2315 8⁹
312 2271 482 2329 pedem
514 2272 801 2316 Politianus:
833 2271 1007 2328 pedum
1125 2279 1175 2313 40
1206 2270 1402 2315 menbra
1514 2280 1563 2315 48
1595 2285 1651 2315 ac
1683 2272 1837 2328 spatio
1867 2273 1936 2318 ed.

232 2332 413 2376 Pwrma
431 2331 499 2375 Ac
516 2331 722 2388 spatium
743 2332 885 2388 (quod
900 2331 1103 2386 defendit
1119 2331 1331 2375 Kalinka
1349 2334 1473 2376 1890
1480 2346 1531 2387 p.
1541 2335 1647 2385 251,
1663 2332 1741 2376 sed
1748 2338 1940 2389 propter

230 2391 362 2435 brevi
387 2391 572 2435 dativus
594 2392 663 2435 vel
682 2391 912 2436 ablativus
926 2391 1243 2446 necessarius):
1269 2403 1355 2435 nec
1373 2391 1579 2446 spatium
1597 2392 1935 2438 Phillimorius:

232 2453 280 2497 a!
315 2450 469 2507 spatio
495 2451 729 2495 Baehrens
762 2454 885 2496 1873
910 2465 958 2506 p.
975 2453 1070 2494 259
1095 2450 1265 2507 (male):
1298 2449 1349 2493 in
1373 2449 1528 2506 spatio
1552 2451 1843 2496 Bursianus:
1877 2467 1937 2495 an

233 2510 387 2567 spatio
421 2525 448 2560 ς
481 2511 748 2567 Postyatius
786 2515 828 2555 et
857 2511 1128 2555 Daviesius:
1170 2509 1287 2553 dant
1324 2509 1531 2566 spatium
1562 2511 1788 2557 Ziehenus
1817 2515 1938 2556 1904

229 2585 275 2626 p.
303 2573 394 2616 647
404 2588 414 2614 :
448 2569 610 2626 aspice
640 2570 737 2614 iam
770 2571 1026 2615 Korschius
1058 2569 1284 2625 (displicet
1314 2569 1410 2612 iam
1440 2570 1558 2624 tam)
1706 2578 1756 2613 45
1789 2571 1935 2616 curis:

234 2629 357 2676 ceris
391 2630 684 2675 Brandesiws
722 2633 850 2674 1885
880 2644 931 2686 p.
958 2632 1068 2673 579:
1111 2628 1256 2672 cuivis
1295 2627 1513 2686 Saenyer:
1561 2629 1716 2673 tenuis
1765 2631 1940 2676 Waller

233 2692 356 2734 1885
379 2705 430 2747 p.
454 2692 515 2733 44
545 2690 681 2734 male:
716 2688 848 2733 cuius
878 2690 948 2734 vel
978 2688 1054 2732 cui
1086 2687 1159 2732 ius
1191 2689 1244 2733 ci.
1271 2688 1592 2734 Phillimorine
1729 2697 1777 2732 47
1812 2690 1938 2745 quit-

234 2762 375 2805 quam
404 2748 635 2795 theleines
727 2747 926 2792 stolidus
949 2748 1148 2796 Brontes
1178 2761 1266 2791 nec
1289 2748 1506 2804 (explieat
1526 2748 1791 2794 Skutschius
1813 2753 1939 2794 1893

230 2823 275 2865 p.
294 2811 423 2865 836):
449 2807 635 2853 validus
660 2807 862 2865 (Siculus
886 2809 1125 2857 Baehrens
1148 2810 1266 2852 1873
1281 2821 1333 2863 p.
1350 2810 1465 2852 260:
1492 2806 1659 2851 solitus
1687 2808 1789 2854 Otto
1814 2813 1938 2855 1887

232 2883 275 2925 p.
289 2871 394 2923 539)
419 2868 591 2912 Br.nec
608 2868 835 2913 Handias
859 2871 981 2912 1850
996 2870 1138 2924 p.23:
1163 2866 1360 2916 Brontes
1378 2865 1651 2924 Steropesve
1674 2868 1722 2910 et
1739 2867 1939 2928 Saenyer
