2034 3126
39 2922 48 2937 ι
35 2839 49 2903 ⁷⁴02
42 2820 51 2831 .
19 2609 51 2788 hoff—V

692 75 1005 121 SILVARUM
1036 76 1086 121 L.
1110 76 1168 132 V,
1194 81 1218 120 1
1700 76 1805 130 137

106 216 186 267 nil
222 218 497 267 maestum.
560 213 689 283 quid
728 217 892 280 enim,
931 217 1172 283 quamvis
1211 214 1377 266 infida
1414 215 1672 283 levisque,

0 318 2 323 v
108 287 328 342 Caesare
366 292 476 341 tam
515 287 699 340 dextro
737 291 919 357 posset
956 287 1196 341 Fortuna
1232 289 1445 341 timeri?

106 367 352 416 invenere
389 366 531 415 viam
568 363 791 414 liventia
827 361 979 429 Fata,
1017 365 1273 431 piumque
1725 376 1809 416 145

106 441 327 490 intravit
363 441 444 489 vis
484 455 640 489 saeva
676 437 855 489 larem.
918 440 994 489 sic
1031 438 1192 506 plena
1226 438 1466 507 maligno

106 511 370 564 adflantur
380 514 587 564 *vineta
621 514 775 578 noto,
816 515 891 563 sic
930 512 1039 563 alta
1077 514 1304 564 senescit

104 586 272 638 imbre
312 603 461 655 seges
499 589 668 638 nimio
676 626 691 653 ,
729 585 943 654 rapidae
984 589 1059 638 sic
1098 586 1256 638 obvia
1292 589 1462 655 puppi

104 661 306 713 invidet
344 665 399 712 et
434 661 565 712 velis
605 659 882 712 adnubilat
920 678 1049 712 aura
1087 660 1344 728 secundis,

105 739 341 804 carpitur
378 738 630 787 eximium
668 733 802 787 Fato
841 734 1086 787 Priscilla
1124 735 1385 803 decorem3
1724 749 1810 788 150

105 811 335 879 qualiter
372 810 483 861 alta
520 827 725 862 comam
764 810 1018 861 silvarum
1056 810 1232 878 gloria
1268 813 1428 879 pinus

106 902 197 936 seu
237 883 379 937 Iovis
417 887 543 953 igne
580 884 723 936 malo
764 902 856 936 seu
894 887 1002 935 iam
1040 883 1214 937 radice
1254 886 1431 937 soluta

104 958 282 1011 deficit
318 962 373 1011 et
407 959 547 1010 nulli
587 959 818 1027 spoliata
854 962 1209 1010 remurmurat
1248 977 1419 1012 aurae.

105 1032 234 1102 quid
271 1031 511 1102 probitas
550 1035 644 1084 aut
682 1035 828 1084 casta
863 1032 1016 1101 fides,
1057 1033 1186 1102 quid
1222 1036 1446 1086 numina
1483 1037 1712 1102 prosunt

105 1108 250 1160 culta
288 1107 479 1160 deum?
540 1107 723 1159 furvae
761 1110 1008 1159 miseram
1047 1111 1245 1160 circum
1282 1108 1519 1177 undique
1556 1109 1650 1161 leti
1724 1121 1812 1161 155

103 1183 365 1235 vallavere
403 1182 615 1251 plagae,
653 1181 946 1234 tenduntur
984 1182 1117 1234 dura
1155 1200 1398 1235 sororum

105 1258 229 1309 licia
267 1259 321 1309 et
357 1259 526 1308 exacti
566 1259 807 1325 superest
843 1274 966 1325 pars
1006 1258 1199 1309 ultima
1235 1257 1329 1310 fili.
1493 1300 1497 1303 .

103 1332 184 1384 nil
221 1331 410 1383 famuli
449 1334 651 1399 coetus,
689 1332 771 1383 nil
809 1349 892 1383 ars
934 1349 1158 1400 operosa
1194 1332 1498 1384 medentum

104 1407 362 1458 auxiliata
397 1406 576 1473 malis3
615 1408 833 1458 comites
873 1409 1051 1458 tamen
1090 1406 1326 1475 undique
1364 1406 1490 1460 ficto

106 1499 254 1550 spem
294 1481 551 1532 simulant
587 1481 763 1548 vultu,
803 1479 1019 1532 flentem
1054 1484 1210 1533 notat
1246 1482 1344 1533 illa
1379 1484 1645 1534 maritum.
1725 1495 1811 1534 160

104 1556 196 1607 ille
235 1554 393 1607 modo
433 1555 670 1608 infernae
707 1557 1034 1643 nequiquam
1071 1554 1294 1608 flumina
1332 1555 1523 1609 Lethes

103 1632 414 1699 incorrupta
452 1632 628 1699 rogat,
667 1647 811 1682 nunc
850 1633 1039 1682 anxius
1080 1630 1327 1683 omnibus
1368 1634 1471 1683 aris

0 1763 2 1772 ,
103 1705 405 1756 inlacrimat
444 1707 732 1774 signatque
766 1705 905 1757 fores
946 1707 999 1756 et
1035 1707 1248 1774 pectore
1286 1708 1459 1775 terget

105 1780 314 1847 limina3
351 1797 495 1831 nunc
532 1782 716 1848 magni
754 1782 909 1831 vocat
948 1779 1213 1832 exorabile
1250 1798 1449 1832 numen

106 1850 360 1907 Caesaris.
423 1853 526 1906 heu
566 1853 729 1906 durus
770 1854 868 1906 fati
907 1856 1081 1907 tenor!
1143 1857 1291 1907 estne
1330 1854 1473 1923 quod
1511 1856 1595 1908 illi
1726 1868 1812 1908 165

104 1946 216 1981 non
255 1928 447 1980 liceat?
510 1931 739 1997 quantae
775 1931 1026 1998 poterant
1062 1929 1378 1982 mortalibus
1420 1933 1573 1982 annis

108 2006 389 2055 accessisse
426 2020 627 2070 morae,
667 2006 712 2055 si
750 2006 833 2071 tu,
872 2006 1044 2072 pater,
1086 2021 1241 2056 omne
1280 2007 1483 2056 teneres

105 2076 408 2130 arbitrium!
470 2094 623 2130 caeco
662 2081 897 2147 gemeret
933 2076 1079 2131 Mors
1120 2079 1268 2130 clusa
1303 2078 1555 2132 barathro

108 2153 322 2221 longius
362 2155 416 2204 et
453 2170 647 2205 vacuae
685 2155 993 2222 posuissent
1032 2155 1261 2205 stamina
1298 2152 1507 2206 Parcae.

105 2230 316 2295 iamque
355 2225 552 2279 cadunt
588 2227 769 2279 vultus
809 2227 1083 2296 oculisque
1119 2231 1443 2280 novissimus
1483 2246 1629 2282 error
1729 2242 1814 2283 170

106 2304 472 2371 optunsaeque
510 2318 683 2369 aures,
722 2304 828 2354 nisi
868 2319 988 2354 cum
1027 2319 1131 2354 vox
1170 2303 1285 2355 sola
1321 2306 1500 2355 mariti

106 2379 367 2443 noscitur3
405 2376 560 2428 illum
600 2394 768 2428 unum
806 2375 980 2429 media
1018 2375 1082 2428 de
1118 2380 1288 2429 morte
1327 2395 1534 2430 reversa

8 2493 9 2520 3
107 2468 255 2503 mens
295 2450 460 2518 videt,
499 2451 655 2503 illum
693 2453 866 2520 aegris
908 2450 1198 2503 circumdat
1236 2452 1446 2504 fortiter
1484 2453 1626 2505 ulnis

226 2619 297 2654 144
328 2611 430 2654 tam
461 2609 625 2655 dextro
649 2610 737 2655 1¹:
771 2610 937 2656 dextro
968 2612 1066 2655 tam
1157 2620 1228 2655 140
1261 2611 1533 2657 adnubilat:
1567 2612 1817 2659 obnubilat

109 2670 174 2716 vel
211 2668 441 2715 obsibilat
477 2668 814 2716 normandus:
854 2669 950 2716 iam
989 2670 1205 2715 insibilat
1235 2671 1456 2731 Saenyer.
1497 2672 1693 2717 adversa
1731 2672 1818 2720 flat

109 2728 451 2776 Cornelianum
481 2732 608 2774 1877
629 2743 680 2788 p.
705 2733 797 2776 291
943 2738 1016 2775 lu
1047 2730 1326 2776 tenduntur:
1359 2734 1615 2776 tenuantur
1645 2747 1673 2783 ς

108 2796 181 2834 118
211 2791 394 2834 coetus:
426 2790 621 2846 questus
653 2789 831 2835 Polnter
862 2793 983 2836 1890
1006 2804 1057 2848 p.
1082 2794 1113 2836 9
1202 2799 1275 2835 158
1306 2791 1535 2848 undique:
1569 2791 1725 2837 indice
1757 2794 1812 2839 ci.

108 2846 308 2908 &enan
397 2857 466 2892 101
490 2847 705 2894 flumina:
737 2849 933 2894 numina
957 2849 1183 2895 Heinsius
1274 2859 1346 2895 108
1369 2851 1559 2895 baratro
1650 2860 1721 2896 178
1744 2865 1816 2898 re-

111 2919 264 2954 versat
295 2920 508 2954 reversae
539 2908 765 2955 Heinsius
