2034 3126
272 59 374 111 142
879 61 938 105 P.
965 60 1172 106 PAPINI
1205 61 1379 106 STATI

262 214 360 248 nec
397 199 614 249 mirum:
653 215 764 249 non
803 201 855 250 te
896 201 1054 250 series
1094 198 1357 251 inhonora
1394 203 1675 268 parentum
1910 207 1964 253 1'5

265 271 550 323 obscurum
587 275 797 340 proavis
840 275 891 323 61
929 276 1131 340 priscae
1171 274 1303 325 lucis
1345 277 1585 342 egentem

263 344 471 413 plebeia
511 345 572 397 de
613 349 775 414 stirpe
815 348 962 414 tulit3
1001 365 1112 398 non
1153 351 1410 416 sanguine
1450 352 1620 400 cretus

265 421 482 471 turmali
519 420 803 488 trabeaque
842 438 1020 472 recens
1062 424 1113 473 et
1149 431 1380 490 paupere
1420 424 1566 475 clavo

266 497 548 562 augustam
589 494 763 546 sedem
803 498 854 546 61
893 494 1034 547 Latii
1072 498 1340 564 penetrale
1382 500 1592 549 senatus

267 568 467 620 advena
504 570 754 636 pulsasti,
795 569 886 621 sed
923 570 1263 637 praecedente
1302 573 1517 623 tuorum
1910 586 1967 625 20

268 645 493 711 agmine.
556 642 802 695 Romulei
843 645 1014 711 qualis
1054 662 1148 712 per
1185 648 1370 714 iugera
1409 649 1554 713 circi,

270 735 390 768 cum
426 717 648 784 pulcher
685 721 825 785 visu,
866 719 1038 770 titulis
1078 737 1366 787 generosus
1408 723 1562 771 avitis

269 794 574 859 expectatur
612 810 801 860 61111118,
841 796 990 844 6111118
1032 792 1094 844 de
1134 796 1407 846 stemmate
1446 795 1610 863 longo

269 867 396 917 felix
437 865 717 918 demeritos
757 866 917 918 habet
955 867 1248 919 admissura
1285 871 1552 936 parenteS‚

269 941 424 991 illum
465 957 644 992 omnes
686 944 883 993 acuunt
919 942 1161 1010 plausus,
1200 944 1356 994 illum
1393 946 1508 1011 ipse
1546 944 1814 995 volantem
1913 956 1969 995 ‘25

270 1015 446 1082 pulvis
488 1017 540 1065 et
576 1018 823 1067 incurvae
862 1015 1097 1084 gaudent
1136 1035 1418 1085 agnoscere
1456 1021 1646 1070 metae:

273 1092 348 1140 sic
386 1091 458 1155 te,
501 1090 637 1140 clare
676 1108 828 1158 puer,
867 1093 1110 1158 genitum
1149 1091 1252 1143 sibi
1292 1095 1436 1143 curia
1475 1095 1660 1159 sensit,

271 1167 546 1231 primaque
583 1166 808 1231 patricia
846 1165 1037 1216 clausit
1074 1168 1300 1234 vestigia
1338 1167 1479 1218 luna.

271 1255 395 1289 mox
420 1237 622 1305 -Tyrios
665 1256 725 1290 ex
765 1256 909 1291 more
951 1241 1096 1291 sinus
1136 1242 1475 1309 tunicamque
1514 1243 1785 1309 potentem

273 1329 535 1380 agnovere
574 1316 755 1365 umeri.
827 1313 916 1365 sed
956 1317 1097 1365 enim
1135 1314 1235 1366 tibi
1273 1333 1469 1384 magna
1505 1315 1726 1383 parabat
1915 1328 1970 1367 30

273 1386 338 1437 ad
377 1388 564 1439 titulos
606 1389 844 1456 exempla
881 1391 1045 1456 pater.
1109 1392 1306 1458 quippe
1344 1390 1436 1441 ille
1475 1392 1745 1441 iuventam

272 1463 517 1529 protinus
557 1461 859 1530 ingrediens
898 1462 1263 1531 pharetratum
1299 1466 1496 1516 invasit
1534 1461 1746 1516 Araxen

273 1535 497 1603 belliger
534 1536 922 1605 indocilemque
961 1537 1071 1589 fero
1114 1541 1305 1590 servire
1343 1537 1546 1590 Neroni

274 1607 595 1662 Armeniam.
658 1611 819 1680 rigidi
860 1630 1118 1663 summam
1156 1611 1412 1665 Mavortis
1454 1612 1644 1681 agebat

276 1682 509 1736 Corbulo
519 1726 531 1750 ,
573 1684 663 1736 sed
703 1689 948 1738 comitem
986 1686 1114 1738 belli
1155 1690 1460 1756 sociumque
1499 1687 1741 1739 laborum
1918 1700 1974 1739 35

275 1759 367 1809 ille
407 1777 617 1827 quoque
658 1763 884 1829 egregiis
924 1762 1154 1812 multum
1192 1765 1413 1814 miratus
1452 1766 1510 1814 in
1550 1765 1707 1813 armis

277 1833 564 1901 Bolanum3
603 1837 760 1902 atque
798 1835 881 1886 illi
921 1853 1164 1887 curarum
1203 1840 1490 1904 asperrima
1529 1839 1707 1888 suetus

279 1907 485 1959 credere
523 1911 815 1978 partirique
854 1913 1048 1977 metus,
1090 1910 1231 1979 quod
1269 1914 1478 1979 tempus
1520 1914 1746 1962 amicum

278 1981 551 2034 fraudibus
561 2024 573 2051 ,
614 1986 791 2035 exerto
833 2002 1090 2052 quaenam
1128 1984 1269 2036 bona
1308 1988 1547 2054 tempora
1581 1985 1745 2053 bello,

280 2074 413 2124 quae
453 2060 696 2125 suspecta
733 2058 860 2110 fides
903 2061 994 2110 aut
1033 2076 1165 2127 quae
1204 2059 1335 2128 fuga
1371 2078 1495 2111 vera
1531 2061 1718 2112 ferocis
1919 2073 1976 2111 40

279 2129 534 2184 Armenii.
595 2131 830 2184 Bolanus
870 2136 971 2185 iter
1008 2151 1291 2201 praenosse
1329 2134 1644 2202 timendum,

280 2205 516 2257 Bolanus
555 2209 686 2258 tutis
725 2211 854 2276 iuga
893 2225 1140 2275 quaerere
1180 2209 1454 2261 commoda
1492 2212 1698 2275 castri8‚

279 2282 455 2331 metiri
494 2279 729 2333 Bolanus
771 2300 926 2351 agros
936 2324 949 2350 ,
990 2286 1190 2350 aperire
1229 2284 1490 2352 malignas

399 2418 443 2452 17
477 2412 625 2454 1161118
775 2420 822 2455 18
854 2413 1110 2468 trabeaque
1149 2426 1308 2457 recens
1340 2415 1388 2457 61
1419 2414 1660 2458 Krohnius
1692 2413 1760 2470 (in
1791 2413 1978 2457 eandem

278 2471 548 2515 sententiam
571 2471 770 2529 Saenyer
799 2472 1067 2516 trabeamve
1098 2486 1273 2516 novans
1299 2473 1383 2530 et):
1416 2473 1642 2528 trabeque
1667 2486 1722 2517 ac
1744 2471 1884 2515 remis
1909 2474 1975 2516 et:

279 2529 536 2585 trabeaque
565 2530 700 2574 Remi
731 2545 817 2575 nec
850 2546 877 2580 ς
968 2541 1012 2575 21
1046 2531 1198 2588 qualis
1231 2533 1312 2588 (qu
1335 2547 1425 2578 ras.
1444 2547 1499 2576 ex
1523 2532 1595 2576 aci
1619 2531 1702 2589 11¹)
1793 2532 1976 2589 iugera:

279 2602 474 2632 munera
492 2589 825 2636 Marklandus:
850 2605 1089 2635 murmura
1110 2592 1386 2650 Grasberyer
1403 2596 1582 2649 187710.
1594 2595 1623 2636 '7
1627 2594 1685 2636 75
1774 2599 1822 2633 22
1839 2604 1978 2648 gene-

280 2648 421 2692 rosiss
512 2657 561 2692 28
587 2648 740 2694 cuius:
766 2650 840 2694 cui
865 2652 938 2694 ius
963 2651 1227 2709 ci.Saen9er
1251 2652 1387 2708 (idem
1410 2666 1449 2696 v.
1460 2655 1521 2696 24
1536 2651 1743 2706 felixque
1759 2649 1977 2694 emeritos

282 2707 431 2765 dedit)
583 2711 832 2754 stammate
980 2719 1027 2753 24
1061 2710 1330 2754 demeritos:
1365 2710 1583 2755 emeritos
1619 2710 1861 2755 Gevartius

281 2775 327 2809 27
355 2768 484 2811 curia
507 2768 595 2812 11¹:
629 2783 739 2813 cura
830 2778 877 2813 37
904 2771 1046 2825 atque
1071 2769 1163 2814 illi:
1197 2771 1340 2826 atque
1363 2769 1447 2814 uni
1469 2771 1712 2814 Heinsius:
1745 2783 1800 2813 ac
1822 2769 1979 2813 iuveni

283 2827 482 2885 Saaenyer
572 2836 621 2870 3⁹
647 2831 804 2873 exerto
830 2830 1092 2874 Livineius:
1126 2831 1284 2874 exorto
1377 2838 1427 2873 4⁰
1451 2830 1670 2886 suspecta
1693 2829 1978 2873 Politianus:

283 2888 501 2943 suscepta
590 2895 639 2930 43
672 2889 848 2933 Metiri:
881 2888 1047 2932 metari
1081 2904 1103 2932 6
