2034 3126
273 111 345 163 52
883 110 930 153 P.
958 110 1164 154 PAPINI
1194 110 1369 154 STATI

270 265 381 300 non
419 249 562 316 leges
573 289 585 315 ‚
625 266 736 299 non
775 250 946 299 castra
983 250 1176 315 terent,
1217 251 1310 316 qui
1347 251 1558 316 pectore
1595 266 1791 317 magno

273 340 524 391 spemque
562 324 866 390 metumque
906 322 1086 375 domas
1127 325 1252 374 voto
1294 323 1573 374 sublimior
1613 326 1780 390 omni,
1888 336 1968 374 125

272 399 544 465 exemptus
584 397 708 448 fatis
748 396 1221 465 indignantemque
1260 398 1503 449 refellens

270 469 586 539 Fortunam3
627 470 787 523 dubio
829 489 985 539 quem
1023 490 1134 523 non
1171 475 1230 523 in
1268 471 1481 524 turbine
1512 490 1688 523 rerum

271 545 556 613 deprendet
596 564 842 614 suprema
881 545 1011 613 dies,
1053 546 1143 598 sed
1182 545 1325 598 abire
1363 548 1610 615 paratum

271 637 330 671 ac
367 621 587 688 plenum
624 622 748 672 vita.
809 638 931 687 nos,
971 621 1092 672 vilis
1132 620 1311 689 turba,
1353 621 1559 672 caducis

270 694 529 746 deservire
567 694 722 747 bonis
765 713 1071 763 semperque
1111 698 1294 764 optare
1332 698 1526 764 parati,
1885 708 1968 747 130

271 772 572 837 spargimur
609 772 668 820 in
707 787 879 821 casus:
921 770 1060 822 celsa
1097 772 1157 821 tu
1195 772 1387 821 mentis
1429 769 1494 822 ab
1535 787 1649 821 arce

270 843 494 912 despicis
537 846 767 895 errantes
808 844 1144 913 humanaque
1183 844 1379 913 gaudia
1416 845 1569 896 rides,

269 920 477 986 tempus
519 921 651 986 erat,
692 937 812 970 cum
850 921 903 970 te
942 923 1184 988 geminae
1224 919 1477 988 suffragia
1514 922 1683 970 terrae

271 992 559 1061 diriperent
599 994 873 1062 celsusque
914 993 1042 1046 duas
1082 994 1326 1046 veherere
1362 1012 1458 1063 per
1495 992 1674 1061 urbes,

266 1067 390 1119 inde
427 1066 731 1120 Dicarcheis
771 1069 1004 1119 multum
1041 1068 1334 1121 venerande
1374 1069 1576 1121 colonis
1586 1109 1599 1136 ,
1884 1081 1967 1120 135

266 1141 392 1193 hinc
431 1142 627 1195 adscite
663 1145 817 1210 meis,
856 1145 1158 1212 pariterque
1196 1144 1279 1195 his
1320 1144 1501 1212 largus
1543 1146 1594 1194 et
1630 1144 1740 1194 illis

268 1234 327 1268 ac
364 1218 595 1269 iuvenile
636 1218 809 1269 calens
848 1218 1142 1286 plectrique
1181 1235 1355 1270 errore
1395 1217 1667 1286 superbus,

269 1294 323 1343 at
360 1309 504 1343 nunc
543 1291 780 1344 discussa
816 1310 994 1344 rerum
1033 1294 1260 1362 caligine
1298 1310 1482 1344 verum

267 1369 482 1434 aspicis3
520 1367 616 1419 1110
657 1367 750 1418 alii
788 1385 970 1419 rursus
1010 1370 1276 1419 iactantur
1314 1370 1372 1419 in
1411 1368 1519 1419 alto
1529 1407 1543 1434 ‚

268 1440 359 1492 sed
396 1443 490 1492 tua
529 1459 738 1493 securos
778 1444 965 1509 portus
1005 1442 1371 1510 placidamque
1411 1444 1641 1510 quietem
1883 1454 1967 1494 140

267 1518 489 1567 intravit
526 1533 638 1568 non
677 1534 870 1584 quassa
907 1519 1052 1569 ratis.
1116 1520 1190 1569 sic
1228 1534 1389 1585 perge
1427 1534 1524 1568 nec
1562 1534 1815 1584 umquam

267 1593 539 1642 emeritam
576 1594 635 1642 in
671 1593 882 1643 nostras
921 1609 1156 1660 puppem
1197 1590 1402 1643 dimitte
1441 1591 1716 1659 procellaS.
1882 1603 1966 1643 142

266 1667 452 1734 tuque,
491 1683 658 1717 nurus
697 1667 838 1717 inter
875 1667 1037 1735 longe
1113 1685 1140 1714 *
1221 1685 1246 1714 *
1324 1684 1350 1714 *
1431 1685 1457 1714 »ι
1536 1684 1562 1714 *
1642 1684 1668 1713 ,κ
1749 1684 1773 1713 *
1882 1679 1963 1718 147

271 1758 295 1787 *
376 1757 402 1787 ιιι
480 1758 507 1788 *
591 1759 616 1787 *
696 1765 722 1788 a:
802 1759 828 1788 *
908 1759 934 1788 *
1013 1762 1038 1788 *
1116 1740 1422 1810 praecordia
1462 1758 1637 1808 curae,

264 1831 376 1865 non
414 1814 644 1866 frontem
682 1817 882 1867 vertere
920 1818 1116 1883 minae,
1158 1815 1248 1868 sed
1287 1815 1508 1867 candida
1547 1833 1751 1883 semper

265 1888 461 1957 gaudia
500 1891 551 1940 et
588 1892 647 1940 in
685 1890 839 1940 vultu
880 1908 1124 1941 curarum
1161 1893 1350 1959 ignara
1387 1891 1656 1958 voluptas;

383 2013 455 2047 124
479 2006 655 2049 terent:
680 2006 844 2049 tenent
868 2020 895 2054 ς
918 2006 1024 2061 fort.
1040 2011 1155 2051 recte
1244 2013 1315 2049 125
1339 2007 1446 2050 voto
1480 2006 1652 2051 Walter
1675 2009 1798 2050 1885
1812 2020 1864 2063 p.
1881 2009 1962 2051 20:
2029 2007 2034 2060 Ξ

264 2064 390 2108 tuto:
432 2077 544 2108 cura
576 2064 837 2110 Krohnius:
877 2064 1018 2109 titulo
1054 2065 1331 2124 Grasberyer
1361 2068 1487 2110 1877
1517 2079 1560 2121 p.
1586 2068 1698 2110 420:
1741 2064 1846 2109 fuco
1883 2066 1967 2122 (vel
2027 2063 2034 2100 ἰ

262 2122 395 2180 ludo)
419 2123 618 2182 Saenyer
705 2133 778 2168 126
807 2123 1027 2169 refellens
1053 2125 1386 2170 Marklandus:
1420 2124 1606 2169 refelles
1696 2133 1766 2168 127
1801 2124 1964 2170 dubio:
2033 2119 2034 2171 J

265 2182 461 2227 dubium
492 2185 739 2230 Pantanus
886 2192 958 2228 182
989 2184 1115 2229 rides
1147 2185 1183 2241 (i
1213 2199 1269 2230 eoe
1299 2198 1327 2228 a
1358 2185 1443 2241 ΠΙ)
1592 2193 1665 2228 186
1695 2185 1965 2241 pariterque
2030 2193 2034 2200 ⁴

265 2243 404 2299 (quod
433 2249 547 2288 recte
578 2244 783 2298 defendit
812 2243 1011 2302 Saenqer
1041 2245 1094 2289 cl.
1120 2246 1186 2290 II
1202 2248 1245 2299 3,
1269 2248 1341 2290 31.
1367 2246 1512 2299 11⁷2,
1536 2248 1567 2288 8
1587 2245 1719 2290 Theb.
1738 2246 1826 2290 XI
1834 2247 1963 2302 523):
2031 2300 2034 2309 ⁴

261 2301 524 2358 plectrique
549 2305 815 2362 Postyatius
838 2308 960 2348 1905
976 2307 1128 2361 11123
1218 2313 1290 2348 137
1316 2303 1575 2361 plectrique
1601 2317 1754 2349 errore
1770 2305 1966 2362 (imuyis

257 2363 485 2419 poeticis):
510 2362 772 2419 plectrique
798 2364 962 2408 decore
988 2364 1322 2409 Marklandus:
1347 2364 1622 2420 patriaeque
1646 2377 1797 2408 errore
1822 2364 1962 2408 Mad-

262 2422 413 2480 viyius
445 2426 563 2468 1873
586 2437 636 2479 p.
661 2427 752 2468 158
782 2424 1021 2481 (probante
1048 2424 1323 2482 Postgatio):
1355 2422 1612 2480 populique
1645 2438 1683 2468 e.
1706 2424 1806 2468 Otto
1837 2427 1965 2468 1887

255 2495 307 2538 p.
333 2484 441 2525 533:
476 2481 739 2538 sceptrique
771 2496 923 2527 errore
952 2483 1266 2528 Rothsteinius
1298 2487 1421 2528 1900
1446 2498 1495 2540 p.
1515 2487 1594 2528 50:
1627 2482 1819 2540 plectris
1851 2497 1962 2538 quo-

264 2553 354 2596 que
387 2542 434 2585 et
466 2555 544 2586 ore
572 2542 771 2600 Saenyer
859 2551 931 2586 138
956 2544 1006 2586 at
1030 2557 1077 2592 ςε
1110 2542 1179 2586 Ac
1269 2551 1341 2586 139
1364 2542 1622 2588 iactantur:
1655 2542 1887 2586 iactamur
1912 2558 1958 2592 ςε

261 2599 498 2645 iactentur
529 2603 756 2647 Barthius
860 2610 934 2645 140
966 2602 1048 2646 sed
1081 2604 1346 2660 Postyatius
1375 2605 1499 2647 1905
1521 2618 1574 2660 p.
1598 2605 1710 2646 123:
1743 2602 1823 2647 Et:
1857 2617 1962 2647 cum

263 2660 464 2719 Saenyer
578 2669 650 2704 142
683 2660 871 2706 dimitte
901 2677 963 2706 m:
999 2662 1238 2706 dimittere
1349 2670 1554 2705 148—146
1585 2663 1637 2706 in
1667 2662 1757 2716 fine
1787 2663 1962 2720 ecloyae

263 2720 548 2765 collocandos
585 2734 676 2765 esse
714 2722 868 2766 docuit
902 2722 1136 2767 Antonius
1166 2722 1488 2766 Amiterninus
1634 2729 1704 2764 147
1747 2722 1962 2766 lacunam
2026 2735 2027 2738 ¹

261 2781 427 2824 statuit
457 2794 479 2823 ο
598 2788 671 2823 148
700 2782 881 2825 vertere
913 2796 957 2826 c:
996 2794 1200 2826 vescere:
1242 2794 1429 2826 secuere
1461 2781 1716 2826 Baehrens:
1748 2781 1961 2825 insedere

273 2838 423 2897 Unyer
445 2843 572 2884 1868
590 2854 638 2896 p.
650 2843 760 2884 191:
793 2840 988 2885 miscere
1013 2841 1279 2886 Buecheler:
1307 2854 1475 2885 novere
1499 2840 1697 2898 Saenyer
1785 2849 1857 2883 14⁹
1883 2855 1958 2884 cu-

260 2911 418 2942 rarum
445 2899 641 2955 probum
671 2900 745 2956 (cf.
771 2915 811 2945 v.
838 2901 934 2957 71):
973 2900 1219 2944 turbarum
1250 2901 1334 2958 (vel
1366 2899 1620 2957 culparum,
1654 2901 1734 2956 qui
1756 2901 1961 2957 pluralis

261 2959 377 3014 ferri
406 2959 579 3015 nequit)
618 2959 769 3017 Unyer
801 2963 926 3005 1868
952 2974 1000 3016 p.
1027 2963 1115 3005 194
