2034 3126
233 123 267 172 4
841 119 889 165 P.
916 120 1119 165 PAPINI
1151 119 1326 165 STATI

233 277 299 311 an
337 262 389 310 te
428 259 696 311 Palladiae
735 260 915 327 talem,
958 258 1284 325 Germanice,
1325 257 1478 311 nobis
1898 272 1923 309 5

233 333 444 386 effecere
463 351 692 401 -manuS‚
734 334 945 401 qualem
980 334 1138 386 modo
1178 334 1327 385 frena
1364 334 1629 384 tenentem

232 407 449 461 Rhenus
491 411 542 460 et
582 410 797 460 attoniti
836 408 969 460 vidit
1009 408 1194 461 domus
1236 407 1398 460 ardua
1434 405 1603 459 Daci?

343 501 486 535 nunc
525 500 621 551 age
660 481 823 534 Fama
859 486 1007 551 prior
1043 485 1234 535 notum
1270 500 1365 551 per
1404 482 1611 533 saecula
1647 499 1841 533 nomen

231 556 486 609 Dardanii
523 559 744 608 miretur
784 560 920 625 equi,
960 561 1045 609 cui
1083 560 1275 609 vertice
1316 574 1461 608 sacro

231 631 539 701 Dindymon
579 634 630 683 et
670 635 831 683 caesis
873 631 1101 684 decrevit
1138 631 1414 684 frondibus
1453 629 1565 682 Ide:
1872 642 1925 680 10

231 707 372 758 hunc
408 725 579 776 neque
620 706 851 759 discissis
893 709 1154 775 cepissent
1191 705 1450 775 Pergama
1486 707 1651 756 muris

230 799 326 833 nec
363 799 524 850 grege
561 783 823 849 permixto
863 784 1015 850 pueri
1052 784 1413 850 innuptaeque
1444 780 1651 848 puellae

230 859 344 924 ipse
380 874 478 908 nec
516 854 720 908 Aeneas
759 874 857 908 nec
894 874 1120 925 magnus
1162 855 1373 908 duceret
1410 854 1630 907 Hector!

231 930 381 999 adde,
423 930 566 1000 quod
601 931 694 982 ille
731 948 926 983 nocens
969 949 1256 1000 saevosque
1295 930 1566 999 amplexus
1608 926 1862 996 Achivos,

230 1006 372 1057 hunc
409 1008 554 1058 mitis
596 1005 926 1058 commendat
965 1023 1144 1075 eques:
1183 1007 1331 1058 iuvat
1371 1023 1463 1057 ora
1499 1006 1637 1055 tueri
1872 1015 1924 1054 15

229 1082 396 1133 mixta
431 1082 575 1133 notis
615 1080 744 1132 belli
781 1079 1148 1149 placidamque
1187 1082 1426 1149 gerentia
1462 1096 1658 1147 pacem.

228 1173 325 1207 nec
363 1158 499 1207 veris
538 1158 740 1207 maiora
777 1158 954 1224 putes:
993 1174 1090 1224 par
1129 1155 1300 1208 forma
1339 1154 1617 1222 decorque,

229 1248 326 1298 par
363 1229 548 1283 honor.
612 1230 879 1282 exhaustis
919 1229 1145 1282 Martem
1181 1247 1292 1282 non
1332 1231 1490 1281 altius
1531 1230 1689 1279 armis

230 1303 503 1357 Bistonius
543 1307 724 1373 portat
764 1307 974 1374 sonipes
1014 1322 1314 1374 magnoque
1356 1302 1593 1373 superbit

228 1378 458 1447 pondere
496 1397 593 1432 nec
631 1379 782 1432 tardo
822 1381 1006 1448 raptus
1045 1397 1210 1448 prope
1250 1378 1472 1431 flumina
1510 1395 1665 1430 cursu
1871 1388 1925 1427 20

229 1454 400 1506 fumat
439 1457 491 1506 et
527 1457 736 1541 ingenti
774 1455 1029 1524 propellit
1069 1453 1354 1523 Strymona
1391 1452 1536 1505 flatu.

339 1546 437 1598 par
476 1532 623 1597 operi
664 1529 823 1582 sedes,
885 1530 1008 1581 hinc
1049 1529 1205 1582 obvia
1242 1529 1428 1581 limina
1465 1526 1672 1597 pandit,

231 1607 322 1672 qui
361 1604 530 1656 fessus
570 1603 724 1656 bellis
766 1604 1001 1656 adsertae
1039 1622 1255 1656 munere
1294 1604 1460 1672 prolis

228 1681 430 1746 primus
469 1681 571 1730 iter
608 1681 806 1731 nostris
848 1679 1080 1731 ostendit
1109 1682 1168 1730 in
1207 1678 1418 1730 aethera
1457 1677 1589 1729 divis
1599 1718 1612 1744 ‚

231 1752 385 1805 discit
424 1755 476 1805 et
516 1771 541 1805 e
580 1754 755 1822 vultu,
797 1756 1056 1822 quantum
1094 1756 1155 1805 tu
1192 1755 1374 1805 mitior
1413 1755 1594 1819 armiS‚
1870 1763 1924 1801 25

231 1831 322 1896 qui
359 1846 456 1880 nec
493 1831 552 1880 in
591 1830 832 1881 externos
873 1829 1042 1881 facilis
1085 1831 1282 1881 saevire
1321 1828 1524 1880 furores

230 1902 320 1954 das
362 1900 530 1955 Cattis
570 1901 832 1971 Dacisque
871 1903 1042 1955 fidem.
1104 1906 1156 1955 te
1196 1906 1351 1971 signa
1388 1903 1586 1955 ferente

230 1979 281 2028 et
318 1980 494 2030 minor
523 1980 583 2029 in
612 1978 755 2051 leges
795 1980 897 2030 iret
934 1996 1096 2047 gener
1136 1979 1187 2030 et
1227 1975 1358 2030 Cato
1400 1979 1582 2030 castris

348 2131 371 2165 5
396 2123 519 2167 Ante
543 2124 648 2180 (sep.
665 2123 749 2180 Μ’)
766 2123 896 2180 palla
913 2124 990 2168 die
1082 2133 1105 2166 6
1127 2123 1321 2167 effecere
1337 2122 1674 2167 Phillimorius:
1703 2121 1925 2178 Effigere:

229 2182 460 2226 Effinxere
498 2198 542 2225 m
579 2185 632 2227 in
660 2198 747 2241 my.
773 2185 830 2239 cf.
860 2184 949 2229 cie.
974 2184 1029 2229 de
1059 2188 1174 2228 orat.
1199 2185 1264 2227 II
1281 2186 1340 2227 73
1376 2183 1431 2226 ut
1460 2183 1703 2238 tamquam
1733 2180 1926 2225 Phidias

229 2241 467 2287 Minervae
483 2242 670 2300 signum
687 2242 872 2287 efficere
887 2244 1038 2300 possit
1130 2253 1149 2286 '3
1167 2242 1287 2287 vidit
1304 2242 1468 2287 domus
1485 2257 1548 2286 m:
1566 2241 1730 2285 domus
1746 2240 1867 2285 vidit

228 2310 276 2345 ιο
301 2301 383 2345 Ide
416 2317 463 2352 5:
496 2302 606 2346 iden
697 2312 740 2346 11
771 2309 815 2348 et
841 2312 888 2346 15
912 2303 1050 2347 Hunc
1077 2318 1139 2347 m:
1175 2302 1309 2346 Nunc
1399 2310 1446 2345 15
1475 2300 1785 2345 commendat
1800 2302 1847 2357 (a
1870 2315 1926 2346 ex

230 2374 256 2404 o
288 2362 372 2416 Ml)
475 2375 615 2418 eques
650 2377 696 2412 5:
731 2376 895 2419 equos:
929 2363 1075 2408 honos
1106 2378 1148 2405 m
1180 2364 1232 2407 iu
1263 2377 1348 2420 my.
1449 2369 1496 2404 18
1528 2361 1691 2405 altius.
1726 2359 1866 2403 altior
1898 2375 1924 2409 ς

234 2420 283 2465 Ο.
311 2422 486 2466 Mu'ller
516 2425 643 2467 1882
668 2437 714 2479 Ρ.
743 2426 771 2467 9
861 2431 910 2465 22
941 2422 1070 2467 hinc:
1103 2421 1213 2466 huic
1247 2436 1274 2471 ς
1364 2429 1414 2465 28
1436 2421 1586 2465 fessus
1609 2419 1768 2464 bellis:
1800 2419 1924 2463 fetus

229 2481 273 2524 b.
298 2480 516 2539 Saenyer:
549 2481 676 2525 visus
704 2482 891 2538 populis
916 2482 1284 2527 Sandstroemius
1307 2485 1434 2526 1878
1453 2495 1499 2537 Ρ.
1526 2484 1556 2527 3
1646 2481 1851 2524 assertae
1875 2495 1923 2529 5:

231 2540 450 2584 adsectae
489 2542 582 2597 (sec
612 2543 732 2586 inter
761 2542 1049 2587 scribendum
1079 2555 1135 2586 ex
1166 2540 1230 2585 sci
1262 2543 1526 2596 mutatum):
1567 2539 1776 2584 adscitae
1808 2554 1835 2588 ς

229 2608 277 2643 25
303 2599 455 2644 Discit
486 2602 553 2645 et.
586 2599 797 2645 Discitur
828 2616 874 2651 5.
907 2601 1111 2646 noscitet
1135 2601 1334 2659 Saenyer
1424 2600 1577 2645 vultu:
1610 2598 1750 2643 titulo
1774 2599 1924 2644 Sand-

228 2660 465 2705 stroemius
490 2660 517 2704 Z.
544 2661 570 2705 l.
667 2661 825 2705 armis:
860 2661 986 2705 adsis
1013 2662 1280 2706 Bursiauus
1370 2668 1418 2704 28
1443 2661 1658 2705 lacunam
1677 2664 1782 2715 post
1803 2659 1925 2703 huuc

229 2733 404 2763 versum
434 2719 599 2779 statuit
628 2720 933 2765 Schwartzius
970 2724 1090 2765 1889
1115 2735 1163 2778 Ρ.
1193 2724 1271 2775 133
1305 2721 1511 2776 plerique
1542 2717 1707 2763 castris
1737 2732 1924 2775 corrup-

230 2784 327 2823 tum
362 2793 591 2834 censuere,
626 2793 713 2835 pro
745 2794 833 2836 quo
866 2781 1022 2824 castus
1054 2781 1342 2825 Bursianus:
1382 2782 1601 2824 constans
1632 2778 1926 2836 Doellinqius

231 2841 354 2883 1837
377 2853 426 2895 Ρ.
451 2842 534 2884 23:
573 2852 763 2884 concors
795 2840 1017 2898 Stauyius
1049 2843 1174 2884 1887
1199 2854 1249 2896 Ρ.
1276 2843 1323 2893 7,
1365 2840 1452 2884 alii
1481 2840 1604 2892 alia5
1640 2838 1718 2883 sed
1747 2837 1926 2882 Statius

230 2897 407 2943 duobus
437 2898 676 2956 disyllabis
705 2914 882 2944 versum
911 2913 1006 2944 uon
1035 2900 1214 2945 claudit
1241 2900 1378 2955 finita
1408 2913 1510 2944 cum
1533 2911 1663 2943 versu
1684 2897 1921 2942 sententia.

229 2956 338 3002 Silo.
375 2958 479 3013 1⁷2,
505 2961 562 3003 14
593 2972 686 3002 non
719 2959 848 3016 capit
878 2960 1014 3016 quasi
1044 2961 1338 3017 compositum
1369 2964 1433 3003 est

2030 2655 2034 2660 .
2031 2636 2034 2641 Α
2027 2611 2034 2613 ι
2023 2541 2034 2589 μὴ
2024 2514 2034 2528 f·
2032 2490 2034 2499 -
2023 2183 2034 2469 ;**..--3.1=.-n..
2028 2147 2034 2166 -„
2031 2058 2034 2061 .
2029 2012 2034 2020 .
2030 1933 2034 1964 -..
